Timestamp,Traded Instrument,Traded Side,Traded Price,Traded Volume
11:43:08,SP-FUTURE,ASK,2912.0,36
11:43:08,ESX-FUTURE,ASK,3358.75,970
11:43:09,ESX-FUTURE,ASK,3358.75,560
11:43:09,SP-FUTURE,ASK,2912.75,279
11:43:10,SP-FUTURE,ASK,2912.75,154
11:43:10,ESX-FUTURE,BID,3358.75,1034
11:43:11,ESX-FUTURE,BID,3358.75,753
11:43:11,SP-FUTURE,BID,2912.25,38
11:43:12,SP-FUTURE,ASK,2912.5,7
11:43:13,ESX-FUTURE,BID,3358.75,861
11:43:14,SP-FUTURE,BID,2912.0,256
11:43:14,ESX-FUTURE,BID,3358.75,496
11:43:15,ESX-FUTURE,BID,3358.75,236
11:43:15,SP-FUTURE,BID,2911.75,306
11:43:16,SP-FUTURE,BID,2911.75,291
11:43:16,ESX-FUTURE,BID,3358.25,446
11:43:16,SP-FUTURE,BID,2911.5,296
11:43:17,ESX-FUTURE,ASK,3358.25,3
11:43:17,SP-FUTURE,BID,2911.5,444
11:43:17,ESX-FUTURE,BID,3358.0,33
11:43:18,SP-FUTURE,BID,2911.5,1006
11:43:19,ESX-FUTURE,ASK,3356.5,1110
11:43:19,SP-FUTURE,BID,2912.25,58
11:43:20,ESX-FUTURE,BID,3356.25,546
11:43:20,SP-FUTURE,BID,2912.25,148
11:43:20,SP-FUTURE,BID,2912.25,1
11:43:21,ESX-FUTURE,BID,3356.25,438
11:43:21,ESX-FUTURE,BID,3356.25,600
11:43:22,SP-FUTURE,BID,2911.75,181
11:43:22,ESX-FUTURE,BID,3356.0,1166
11:43:22,ESX-FUTURE,ASK,3356.25,3
11:43:23,SP-FUTURE,BID,2911.5,45
11:43:23,ESX-FUTURE,ASK,3356.25,506
11:43:24,SP-FUTURE,ASK,2911.75,3
11:43:24,ESX-FUTURE,ASK,3356.25,492
11:43:25,SP-FUTURE,ASK,2912.0,46
11:43:25,ESX-FUTURE,BID,3356.0,607
11:43:26,SP-FUTURE,ASK,2912.0,108
11:43:26,ESX-FUTURE,ASK,3356.25,199
11:43:27,SP-FUTURE,ASK,2912.0,290
11:43:27,ESX-FUTURE,BID,3356.25,2093
11:43:28,SP-FUTURE,BID,2910.75,876
11:43:28,ESX-FUTURE,BID,3355.25,982
11:43:29,SP-FUTURE,ASK,2910.75,222
11:43:30,ESX-FUTURE,BID,3355.25,2370
11:43:30,ESX-FUTURE,BID,3355.25,1041
11:43:31,SP-FUTURE,ASK,2910.75,503
11:43:32,ESX-FUTURE,ASK,3356.0,848
11:43:32,SP-FUTURE,BID,2910.5,782
11:43:33,ESX-FUTURE,BID,3355.0,201
11:43:33,SP-FUTURE,BID,2910.5,604
11:43:33,ESX-FUTURE,BID,3354.25,430
11:43:34,ESX-FUTURE,ASK,3354.5,160
11:43:34,SP-FUTURE,ASK,2910.5,17
11:43:35,ESX-FUTURE,ASK,3354.5,643
11:43:36,SP-FUTURE,BID,2910.5,215
11:43:36,SP-FUTURE,BID,2910.5,253
11:43:37,ESX-FUTURE,ASK,3354.5,424
11:43:37,SP-FUTURE,BID,2910.5,668
11:43:38,ESX-FUTURE,ASK,3354.0,171
11:43:38,SP-FUTURE,ASK,2910.75,4
11:43:39,ESX-FUTURE,ASK,3354.0,234
11:43:39,SP-FUTURE,ASK,2911.0,549
11:43:40,ESX-FUTURE,ASK,3354.5,633
11:43:40,SP-FUTURE,BID,2910.75,292
11:43:41,ESX-FUTURE,BID,3354.0,358
11:43:41,SP-FUTURE,ASK,2910.75,368
11:43:42,ESX-FUTURE,ASK,3354.5,1067
11:43:43,SP-FUTURE,BID,2911.25,251
11:43:43,SP-FUTURE,BID,2911.25,221
11:43:44,ESX-FUTURE,ASK,3354.25,332
11:43:45,ESX-FUTURE,ASK,3354.25,433
11:43:46,SP-FUTURE,ASK,2911.75,386
11:43:46,ESX-FUTURE,BID,3354.0,1502
11:43:47,SP-FUTURE,BID,2911.25,92
11:43:48,ESX-FUTURE,ASK,3354.25,553
11:43:48,SP-FUTURE,ASK,2911.75,283
11:43:49,ESX-FUTURE,ASK,3354.25,168
11:43:49,ESX-FUTURE,BID,3354.0,1439
11:43:50,SP-FUTURE,ASK,2911.5,371
11:43:51,SP-FUTURE,BID,2911.25,98
11:43:51,ESX-FUTURE,BID,3354.25,7
11:43:52,ESX-FUTURE,ASK,3354.5,593
11:43:52,SP-FUTURE,BID,2911.25,41
11:43:53,SP-FUTURE,BID,2911.25,1185
11:43:53,ESX-FUTURE,BID,3352.25,6
11:43:54,SP-FUTURE,ASK,2911.5,233
11:43:54,SP-FUTURE,ASK,2911.5,3
11:43:54,ESX-FUTURE,BID,3352.25,485
11:43:55,SP-FUTURE,BID,2911.25,80
11:43:56,SP-FUTURE,ASK,2911.5,678
11:43:56,SP-FUTURE,ASK,2911.5,552
11:43:56,ESX-FUTURE,ASK,3353.75,71
11:43:57,ESX-FUTURE,BID,3353.5,115
11:43:58,SP-FUTURE,BID,2911.25,419
11:43:58,ESX-FUTURE,ASK,3353.25,572
11:43:59,ESX-FUTURE,BID,3353.0,1168
11:43:59,ESX-FUTURE,ASK,3353.25,1021
11:43:59,ESX-FUTURE,BID,3353.0,159
11:43:59,ESX-FUTURE,BID,3353.0,269
11:43:59,SP-FUTURE,ASK,2911.5,293
11:44:00,SP-FUTURE,ASK,2911.5,1085
11:44:00,ESX-FUTURE,ASK,3354.0,758
11:44:00,SP-FUTURE,BID,2911.5,2
11:44:01,ESX-FUTURE,BID,3353.75,749
11:44:02,SP-FUTURE,ASK,2911.25,81
11:44:02,ESX-FUTURE,ASK,3354.0,1560
11:44:02,SP-FUTURE,ASK,2912.5,72
11:44:03,SP-FUTURE,ASK,2912.5,118
11:44:03,ESX-FUTURE,ASK,3354.0,176
11:44:04,SP-FUTURE,BID,2912.25,398
11:44:04,ESX-FUTURE,BID,3353.75,225
11:44:05,ESX-FUTURE,BID,3353.75,427
11:44:06,ESX-FUTURE,BID,3353.75,231
11:44:06,SP-FUTURE,ASK,2912.5,173
11:44:06,SP-FUTURE,ASK,2912.5,208
11:44:07,ESX-FUTURE,BID,3354.0,749
11:44:09,ESX-FUTURE,ASK,3354.25,636
11:44:09,SP-FUTURE,BID,2912.0,83
11:44:09,ESX-FUTURE,ASK,3354.25,1505
11:44:10,SP-FUTURE,ASK,2912.5,269
11:44:10,ESX-FUTURE,ASK,3354.25,1251
11:44:11,ESX-FUTURE,BID,3354.0,389
11:44:11,SP-FUTURE,BID,2912.25,265
11:44:12,ESX-FUTURE,ASK,3354.0,208
11:44:13,SP-FUTURE,BID,2912.25,410
11:44:13,ESX-FUTURE,ASK,3353.75,358
11:44:14,SP-FUTURE,BID,2912.25,385
11:44:14,SP-FUTURE,ASK,2912.5,1
11:44:15,ESX-FUTURE,ASK,3353.5,96
11:44:15,ESX-FUTURE,BID,3353.25,35
11:44:16,SP-FUTURE,BID,2912.25,357
11:44:16,ESX-FUTURE,BID,3353.25,640
11:44:17,SP-FUTURE,ASK,2912.25,351
11:44:17,SP-FUTURE,ASK,2912.25,40
11:44:18,ESX-FUTURE,ASK,3353.75,274
11:44:19,SP-FUTURE,ASK,2912.25,85
11:44:19,ESX-FUTURE,BID,3353.5,818
11:44:20,ESX-FUTURE,ASK,3353.75,21
11:44:21,SP-FUTURE,BID,2911.75,526
11:44:22,ESX-FUTURE,ASK,3353.5,1396
11:44:22,SP-FUTURE,ASK,2912.5,63
11:44:22,SP-FUTURE,ASK,2912.5,53
11:44:22,SP-FUTURE,BID,2912.25,58
11:44:22,ESX-FUTURE,BID,3353.25,140
11:44:23,ESX-FUTURE,ASK,3353.5,456
11:44:23,ESX-FUTURE,BID,3353.25,721
11:44:23,SP-FUTURE,ASK,2912.5,668
11:44:25,SP-FUTURE,ASK,2912.5,180
11:44:25,ESX-FUTURE,ASK,3353.75,791
11:44:26,SP-FUTURE,BID,2912.25,24
11:44:27,ESX-FUTURE,BID,3353.5,2
11:44:27,SP-FUTURE,BID,2912.25,69
11:44:27,ESX-FUTURE,ASK,3353.5,131
11:44:29,SP-FUTURE,ASK,2912.5,222
11:44:29,ESX-FUTURE,BID,3353.5,10
11:44:30,SP-FUTURE,BID,2912.25,195
11:44:31,ESX-FUTURE,BID,3353.25,1897
11:44:31,SP-FUTURE,BID,2910.75,275
11:44:32,SP-FUTURE,ASK,2911.0,501
11:44:32,ESX-FUTURE,ASK,3353.75,947
11:44:33,ESX-FUTURE,ASK,3353.75,571
11:44:34,SP-FUTURE,ASK,2911.75,296
11:44:34,ESX-FUTURE,ASK,3353.75,827
11:44:35,SP-FUTURE,ASK,2912.25,834
11:44:35,ESX-FUTURE,ASK,3354.5,937
11:44:36,ESX-FUTURE,BID,3354.25,61
11:44:36,SP-FUTURE,BID,2912.0,470
11:44:37,SP-FUTURE,ASK,2912.25,268
11:44:38,ESX-FUTURE,ASK,3354.25,410
11:44:38,SP-FUTURE,ASK,2912.25,17
11:44:38,ESX-FUTURE,BID,3354.0,4
11:44:38,ESX-FUTURE,BID,3354.0,422
11:44:39,ESX-FUTURE,BID,3354.0,532
11:44:39,ESX-FUTURE,ASK,3354.25,1833
11:44:40,SP-FUTURE,ASK,2913.75,5
11:44:40,ESX-FUTURE,ASK,3354.25,1505
11:44:40,SP-FUTURE,ASK,2915.0,410
11:44:41,ESX-FUTURE,ASK,3354.5,1433
11:44:41,SP-FUTURE,ASK,2915.75,155
11:44:42,ESX-FUTURE,BID,3354.25,55
11:44:42,SP-FUTURE,ASK,2915.75,571
11:44:43,ESX-FUTURE,BID,3354.5,704
11:44:44,SP-FUTURE,ASK,2915.5,368
11:44:44,ESX-FUTURE,BID,3354.75,15
11:44:44,SP-FUTURE,ASK,2915.5,47
11:44:45,ESX-FUTURE,BID,3354.75,343
11:44:45,SP-FUTURE,BID,2915.25,117
11:44:45,SP-FUTURE,BID,2915.25,177
11:44:47,ESX-FUTURE,ASK,3354.75,123
11:44:47,SP-FUTURE,ASK,2915.5,225
11:44:48,SP-FUTURE,ASK,2915.5,900
11:44:49,ESX-FUTURE,ASK,3355.5,341
11:44:49,SP-FUTURE,ASK,2915.5,62
11:44:49,ESX-FUTURE,ASK,3355.5,45
11:44:50,SP-FUTURE,BID,2915.25,253
11:44:51,ESX-FUTURE,ASK,3355.5,135
11:44:51,ESX-FUTURE,ASK,3355.5,523
11:44:51,SP-FUTURE,ASK,2915.75,457
11:44:51,ESX-FUTURE,BID,3355.5,329
11:44:52,ESX-FUTURE,ASK,3355.75,806
11:44:52,SP-FUTURE,BID,2915.75,25
11:44:53,SP-FUTURE,ASK,2916.0,278
11:44:54,ESX-FUTURE,BID,3355.5,330
11:44:54,ESX-FUTURE,BID,3355.5,845
11:44:54,SP-FUTURE,BID,2915.0,1092
11:44:55,SP-FUTURE,BID,2915.0,42
11:44:56,ESX-FUTURE,ASK,3355.0,19
11:44:56,SP-FUTURE,BID,2915.0,1224
11:44:58,ESX-FUTURE,BID,3353.75,198
11:44:59,SP-FUTURE,BID,2915.0,4
11:44:59,SP-FUTURE,BID,2915.0,39
11:44:59,ESX-FUTURE,BID,3353.75,560
11:44:59,SP-FUTURE,BID,2915.0,11
11:45:00,ESX-FUTURE,BID,3353.75,1211
11:45:00,ESX-FUTURE,ASK,3354.0,214
11:45:01,SP-FUTURE,ASK,2914.5,542
11:45:02,ESX-FUTURE,ASK,3354.25,9
11:45:03,SP-FUTURE,ASK,2914.5,345
11:45:03,SP-FUTURE,BID,2914.25,292
11:45:03,ESX-FUTURE,ASK,3354.25,878
11:45:04,ESX-FUTURE,BID,3354.0,411
11:45:05,ESX-FUTURE,ASK,3354.25,878
11:45:05,SP-FUTURE,BID,2915.25,764
11:45:05,ESX-FUTURE,BID,3353.75,2052
11:45:05,SP-FUTURE,ASK,2914.5,403
11:45:06,SP-FUTURE,ASK,2914.5,172
11:45:06,SP-FUTURE,BID,2914.25,114
11:45:07,ESX-FUTURE,ASK,3354.5,1635
11:45:07,ESX-FUTURE,BID,3354.25,454
11:45:07,SP-FUTURE,ASK,2915.75,440
11:45:08,ESX-FUTURE,ASK,3354.75,952
11:45:09,ESX-FUTURE,BID,3354.5,92
11:45:09,ESX-FUTURE,BID,3354.5,406
11:45:09,SP-FUTURE,ASK,2916.0,8
11:45:09,ESX-FUTURE,ASK,3354.75,556
11:45:10,ESX-FUTURE,ASK,3354.75,593
11:45:11,ESX-FUTURE,ASK,3354.75,492
11:45:11,SP-FUTURE,ASK,2916.5,1076
11:45:12,ESX-FUTURE,BID,3356.25,1036
11:45:12,SP-FUTURE,BID,2915.75,380
11:45:12,SP-FUTURE,ASK,2916.0,100
11:45:12,ESX-FUTURE,BID,3356.0,44
11:45:13,SP-FUTURE,BID,2915.75,209
11:45:13,ESX-FUTURE,ASK,3356.0,513
11:45:14,ESX-FUTURE,ASK,3356.0,57
11:45:15,SP-FUTURE,BID,2916.0,321
11:45:15,ESX-FUTURE,ASK,3355.75,104
11:45:15,SP-FUTURE,BID,2916.0,76
11:45:15,ESX-FUTURE,BID,3355.5,1382
11:45:16,ESX-FUTURE,ASK,3355.75,255
11:45:16,SP-FUTURE,BID,2915.5,821
11:45:16,SP-FUTURE,BID,2915.5,958
11:45:17,ESX-FUTURE,BID,3353.0,1678
11:45:17,SP-FUTURE,BID,2915.25,187
11:45:18,SP-FUTURE,BID,2915.25,313
11:45:19,ESX-FUTURE,BID,3352.75,172
11:45:20,ESX-FUTURE,ASK,3353.0,134
11:45:20,SP-FUTURE,ASK,2915.5,306
11:45:21,ESX-FUTURE,BID,3353.0,29
11:45:22,SP-FUTURE,BID,2915.25,192
11:45:23,ESX-FUTURE,ASK,3353.0,20
11:45:23,ESX-FUTURE,ASK,3353.0,266
11:45:23,ESX-FUTURE,BID,3352.75,1630
11:45:23,SP-FUTURE,ASK,2915.25,866
11:45:24,ESX-FUTURE,ASK,3353.5,858
11:45:24,SP-FUTURE,ASK,2915.25,133
11:45:25,SP-FUTURE,BID,2915.0,297
11:45:25,ESX-FUTURE,ASK,3353.5,373
11:45:25,ESX-FUTURE,ASK,3353.5,524
11:45:26,SP-FUTURE,ASK,2915.5,271
11:45:26,ESX-FUTURE,ASK,3353.5,990
11:45:27,ESX-FUTURE,BID,3353.25,485
11:45:27,SP-FUTURE,BID,2915.75,356
11:45:28,ESX-FUTURE,ASK,3353.25,349
11:45:28,SP-FUTURE,BID,2915.75,155
11:45:30,SP-FUTURE,BID,2915.75,409
11:45:30,ESX-FUTURE,BID,3353.0,223
11:45:30,ESX-FUTURE,BID,3353.0,71
11:45:31,ESX-FUTURE,ASK,3353.25,426
11:45:31,SP-FUTURE,ASK,2916.0,50
11:45:32,SP-FUTURE,BID,2915.75,123
11:45:33,ESX-FUTURE,ASK,3353.25,1164
11:45:33,SP-FUTURE,ASK,2916.5,256
11:45:34,SP-FUTURE,BID,2916.25,66
11:45:34,SP-FUTURE,ASK,2916.5,512
11:45:35,ESX-FUTURE,ASK,3353.5,20
11:45:35,SP-FUTURE,ASK,2916.5,518
11:45:36,SP-FUTURE,ASK,2916.5,515
11:45:36,ESX-FUTURE,BID,3354.0,1433
11:45:37,ESX-FUTURE,ASK,3354.25,275
11:45:37,SP-FUTURE,BID,2916.0,142
11:45:37,SP-FUTURE,BID,2916.0,26
11:45:38,ESX-FUTURE,BID,3354.0,113
11:45:38,ESX-FUTURE,ASK,3354.25,868
11:45:39,SP-FUTURE,BID,2916.25,289
11:45:39,ESX-FUTURE,BID,3354.0,163
11:45:40,SP-FUTURE,ASK,2916.5,181
11:45:40,ESX-FUTURE,BID,3354.0,380
11:45:41,SP-FUTURE,BID,2916.25,154
11:45:41,ESX-FUTURE,BID,3354.0,611
11:45:41,SP-FUTURE,BID,2915.75,40
11:45:42,ESX-FUTURE,BID,3354.0,644
11:45:42,SP-FUTURE,BID,2915.5,276
11:45:43,ESX-FUTURE,BID,3353.75,2269
11:45:44,SP-FUTURE,ASK,2913.25,108
11:45:44,ESX-FUTURE,BID,3353.75,1185
11:45:44,SP-FUTURE,BID,2912.75,719
11:45:46,SP-FUTURE,BID,2912.75,24
11:45:46,ESX-FUTURE,ASK,3353.5,379
11:45:47,ESX-FUTURE,ASK,3353.5,1530
11:45:47,SP-FUTURE,BID,2913.25,223
11:45:48,ESX-FUTURE,ASK,3353.25,188
11:45:48,SP-FUTURE,ASK,2913.5,510
11:45:48,ESX-FUTURE,BID,3353.75,24
11:45:49,ESX-FUTURE,BID,3353.75,37
11:45:50,SP-FUTURE,BID,2913.25,458
11:45:50,SP-FUTURE,BID,2913.25,155
11:45:50,SP-FUTURE,BID,2913.25,417
11:45:50,ESX-FUTURE,ASK,3353.25,60
11:45:51,ESX-FUTURE,ASK,3353.25,7
11:45:52,SP-FUTURE,BID,2913.25,639
11:45:52,ESX-FUTURE,BID,3352.75,259
11:45:53,SP-FUTURE,BID,2913.25,81
11:45:54,SP-FUTURE,BID,2913.25,470
11:45:54,ESX-FUTURE,ASK,3352.25,92
11:45:55,SP-FUTURE,ASK,2913.5,216
11:45:55,ESX-FUTURE,BID,3352.25,94
11:45:55,SP-FUTURE,ASK,2913.5,134
11:45:55,SP-FUTURE,BID,2913.25,343
11:45:56,ESX-FUTURE,ASK,3352.25,2755
11:45:57,SP-FUTURE,BID,2916.5,261
11:45:57,ESX-FUTURE,ASK,3352.0,445
11:45:57,ESX-FUTURE,BID,3351.75,610
11:45:58,SP-FUTURE,BID,2916.5,354
11:45:58,ESX-FUTURE,BID,3351.5,2255
11:45:59,SP-FUTURE,BID,2915.5,264
11:45:59,ESX-FUTURE,BID,3351.5,917
11:46:00,SP-FUTURE,ASK,2915.25,778
11:46:00,ESX-FUTURE,ASK,3352.5,1654
11:46:01,SP-FUTURE,ASK,2916.25,847
11:46:01,ESX-FUTURE,BID,3353.25,380
11:46:01,SP-FUTURE,BID,2915.75,721
11:46:01,ESX-FUTURE,BID,3353.0,969
11:46:01,SP-FUTURE,BID,2915.5,1049
11:46:02,ESX-FUTURE,BID,3352.25,652
11:46:03,SP-FUTURE,ASK,2915.75,948
11:46:03,ESX-FUTURE,BID,3352.5,1014
11:46:04,SP-FUTURE,BID,2914.75,28
11:46:04,ESX-FUTURE,BID,3352.5,898
11:46:05,ESX-FUTURE,BID,3352.5,742
11:46:05,SP-FUTURE,BID,2913.75,140
11:46:06,SP-FUTURE,BID,2913.75,293
11:46:07,SP-FUTURE,ASK,2914.0,69
11:46:07,ESX-FUTURE,ASK,3352.75,869
11:46:08,SP-FUTURE,BID,2914.0,99
11:46:08,SP-FUTURE,ASK,2914.25,25
11:46:08,ESX-FUTURE,ASK,3352.5,45
11:46:09,SP-FUTURE,BID,2914.0,79
11:46:09,ESX-FUTURE,BID,3352.25,1305
11:46:10,ESX-FUTURE,ASK,3352.5,79
11:46:10,SP-FUTURE,BID,2913.5,861
11:46:11,ESX-FUTURE,BID,3352.0,566
11:46:11,ESX-FUTURE,BID,3352.0,584
11:46:12,SP-FUTURE,BID,2913.0,361
11:46:12,ESX-FUTURE,BID,3351.75,295
11:46:13,ESX-FUTURE,ASK,3352.0,11
11:46:13,SP-FUTURE,BID,2913.0,227
11:46:13,SP-FUTURE,BID,2913.0,8
11:46:14,SP-FUTURE,BID,2913.0,42
11:46:15,ESX-FUTURE,BID,3351.5,1243
11:46:16,SP-FUTURE,ASK,2912.75,174
11:46:16,SP-FUTURE,BID,2912.5,20
11:46:16,ESX-FUTURE,ASK,3351.75,108
11:46:17,SP-FUTURE,BID,2912.5,52
11:46:18,ESX-FUTURE,ASK,3351.75,182
11:46:19,SP-FUTURE,BID,2912.5,337
11:46:19,ESX-FUTURE,ASK,3351.5,341
11:46:19,SP-FUTURE,ASK,2912.75,456
11:46:20,SP-FUTURE,ASK,2912.75,23
11:46:20,ESX-FUTURE,ASK,3351.75,32
11:46:21,ESX-FUTURE,ASK,3351.75,211
11:46:21,SP-FUTURE,ASK,2912.75,25
11:46:23,ESX-FUTURE,ASK,3351.75,5
11:46:23,SP-FUTURE,ASK,2912.75,233
11:46:24,ESX-FUTURE,BID,3351.75,429
11:46:25,SP-FUTURE,ASK,2912.75,205
11:46:25,ESX-FUTURE,ASK,3352.0,52
11:46:26,SP-FUTURE,BID,2912.5,817
11:46:26,ESX-FUTURE,BID,3350.75,20
11:46:27,ESX-FUTURE,BID,3350.75,831
11:46:27,ESX-FUTURE,ASK,3351.0,904
11:46:27,ESX-FUTURE,BID,3350.75,400
11:46:28,SP-FUTURE,BID,2912.0,366
11:46:28,SP-FUTURE,ASK,2912.25,278
11:46:29,ESX-FUTURE,BID,3350.75,391
11:46:30,ESX-FUTURE,ASK,3351.0,161
11:46:30,SP-FUTURE,ASK,2912.25,331
11:46:30,SP-FUTURE,BID,2912.0,146
11:46:30,ESX-FUTURE,BID,3350.75,1247
11:46:31,SP-FUTURE,ASK,2912.0,101
11:46:32,SP-FUTURE,ASK,2912.0,224
11:46:32,ESX-FUTURE,ASK,3351.25,577
11:46:32,ESX-FUTURE,ASK,3351.25,778
11:46:33,SP-FUTURE,BID,2912.5,18
11:46:34,ESX-FUTURE,ASK,3351.25,1511
11:46:34,SP-FUTURE,ASK,2914.0,359
11:46:35,ESX-FUTURE,BID,3351.25,172
11:46:35,SP-FUTURE,ASK,2914.0,700
11:46:36,SP-FUTURE,ASK,2914.0,797
11:46:36,ESX-FUTURE,ASK,3352.25,161
11:46:37,SP-FUTURE,BID,2913.75,169
11:46:38,ESX-FUTURE,BID,3352.0,1616
11:46:38,ESX-FUTURE,ASK,3352.25,56
11:46:39,SP-FUTURE,ASK,2912.75,225
11:46:40,SP-FUTURE,BID,2912.5,16
11:46:40,ESX-FUTURE,ASK,3352.25,546
11:46:41,SP-FUTURE,BID,2912.75,28
11:46:41,ESX-FUTURE,ASK,3352.25,821
11:46:42,SP-FUTURE,BID,2913.25,176
11:46:42,ESX-FUTURE,BID,3352.0,74
11:46:42,ESX-FUTURE,ASK,3352.25,1026
11:46:43,SP-FUTURE,BID,2913.75,844
11:46:43,ESX-FUTURE,BID,3350.75,125
11:46:44,SP-FUTURE,ASK,2914.0,272
11:46:44,SP-FUTURE,BID,2913.75,83
11:46:44,ESX-FUTURE,ASK,3351.0,8
11:46:44,SP-FUTURE,BID,2913.75,98
11:46:45,SP-FUTURE,ASK,2914.0,308
11:46:45,ESX-FUTURE,ASK,3351.25,1426
11:46:45,SP-FUTURE,ASK,2915.0,3
11:46:46,SP-FUTURE,BID,2914.75,319
11:46:47,ESX-FUTURE,BID,3351.0,919
11:46:47,ESX-FUTURE,BID,3351.0,585
11:46:47,ESX-FUTURE,ASK,3351.25,870
11:46:47,ESX-FUTURE,ASK,3351.25,1189
11:46:47,ESX-FUTURE,BID,3351.0,1586
11:46:47,SP-FUTURE,ASK,2914.5,712
11:46:48,ESX-FUTURE,ASK,3351.5,806
11:46:48,SP-FUTURE,ASK,2914.75,254
11:46:49,ESX-FUTURE,ASK,3351.5,275
11:46:49,SP-FUTURE,BID,2914.5,504
11:46:49,SP-FUTURE,ASK,2914.75,107
11:46:50,ESX-FUTURE,BID,3351.25,388
11:46:51,SP-FUTURE,ASK,2914.75,125
11:46:52,SP-FUTURE,BID,2914.5,105
11:46:52,ESX-FUTURE,BID,3351.25,195
11:46:53,SP-FUTURE,ASK,2914.75,125
11:46:53,ESX-FUTURE,ASK,3351.5,940
11:46:54,ESX-FUTURE,BID,3351.25,896
11:46:54,SP-FUTURE,BID,2914.5,1173
11:46:55,SP-FUTURE,BID,2914.5,43
11:46:55,SP-FUTURE,ASK,2914.75,110
11:46:56,ESX-FUTURE,BID,3350.5,620
11:46:56,SP-FUTURE,ASK,2914.5,62
11:46:56,ESX-FUTURE,BID,3350.5,187
11:46:57,ESX-FUTURE,BID,3350.5,759
11:46:58,SP-FUTURE,ASK,2914.0,253
11:46:59,SP-FUTURE,BID,2913.75,1001
11:46:59,ESX-FUTURE,ASK,3350.25,948
11:46:59,SP-FUTURE,BID,2914.0,408
11:46:59,ESX-FUTURE,ASK,3350.25,1287
11:47:00,SP-FUTURE,BID,2914.25,118
11:47:01,ESX-FUTURE,ASK,3350.0,202
11:47:02,SP-FUTURE,ASK,2914.5,634
11:47:02,ESX-FUTURE,ASK,3350.5,1050
11:47:03,SP-FUTURE,BID,2914.75,192
11:47:04,ESX-FUTURE,BID,3350.25,240
11:47:04,SP-FUTURE,BID,2914.75,22
11:47:04,ESX-FUTURE,BID,3350.25,276
11:47:05,SP-FUTURE,BID,2914.5,575
11:47:05,ESX-FUTURE,ASK,3350.25,37
11:47:07,SP-FUTURE,ASK,2914.75,21
11:47:07,ESX-FUTURE,ASK,3350.25,29
11:47:08,SP-FUTURE,BID,2914.5,248
11:47:08,ESX-FUTURE,BID,3350.0,491
11:47:09,SP-FUTURE,ASK,2914.75,146
11:47:10,ESX-FUTURE,ASK,3350.5,812
11:47:10,SP-FUTURE,ASK,2915.0,38
11:47:11,ESX-FUTURE,ASK,3350.5,836
11:47:11,ESX-FUTURE,ASK,3350.5,1187
11:47:11,SP-FUTURE,ASK,2915.75,341
11:47:12,SP-FUTURE,ASK,2915.75,32
11:47:13,ESX-FUTURE,BID,3350.5,714
11:47:13,SP-FUTURE,BID,2915.25,41
11:47:14,ESX-FUTURE,ASK,3350.75,841
11:47:14,SP-FUTURE,BID,2915.25,614
11:47:15,ESX-FUTURE,ASK,3350.5,1253
11:47:15,SP-FUTURE,BID,2916.0,65
11:47:16,SP-FUTURE,BID,2916.0,197
11:47:16,ESX-FUTURE,BID,3350.0,153
11:47:17,ESX-FUTURE,BID,3350.0,302
11:47:18,SP-FUTURE,BID,2915.75,1445
11:47:18,SP-FUTURE,ASK,2916.0,33
11:47:18,ESX-FUTURE,ASK,3348.75,898
11:47:19,ESX-FUTURE,ASK,3348.75,178
11:47:19,SP-FUTURE,BID,2916.25,240
11:47:20,ESX-FUTURE,ASK,3348.75,933
11:47:21,SP-FUTURE,ASK,2916.75,6
11:47:21,ESX-FUTURE,BID,3348.5,707
11:47:21,SP-FUTURE,ASK,2916.5,413
11:47:21,ESX-FUTURE,BID,3348.75,1116
11:47:23,SP-FUTURE,BID,2915.5,26
11:47:23,SP-FUTURE,ASK,2915.75,352
11:47:23,ESX-FUTURE,ASK,3349.25,992
11:47:24,ESX-FUTURE,BID,3349.0,105
11:47:24,ESX-FUTURE,ASK,3349.25,53
11:47:24,SP-FUTURE,ASK,2916.25,222
11:47:25,SP-FUTURE,ASK,2916.25,112
11:47:26,SP-FUTURE,BID,2916.0,202
11:47:26,ESX-FUTURE,BID,3349.0,114
11:47:26,ESX-FUTURE,BID,3349.0,97
11:47:27,ESX-FUTURE,ASK,3349.25,629
11:47:27,ESX-FUTURE,BID,3349.0,220
11:47:27,SP-FUTURE,BID,2915.75,1381
11:47:28,ESX-FUTURE,ASK,3346.5,343
11:47:28,SP-FUTURE,ASK,2916.25,204
11:47:29,ESX-FUTURE,BID,3346.5,29
11:47:30,SP-FUTURE,ASK,2916.25,318
11:47:30,ESX-FUTURE,BID,3346.5,306
11:47:31,ESX-FUTURE,BID,3346.5,1711
11:47:31,ESX-FUTURE,ASK,3346.75,319
11:47:32,SP-FUTURE,BID,2914.75,562
11:47:32,SP-FUTURE,BID,2914.75,69
11:47:33,ESX-FUTURE,BID,3346.25,86
11:47:33,SP-FUTURE,BID,2914.75,294
11:47:33,ESX-FUTURE,ASK,3346.25,1489
11:47:34,SP-FUTURE,BID,2916.0,653
11:47:34,ESX-FUTURE,ASK,3346.0,1828
11:47:34,ESX-FUTURE,ASK,3346.0,163
11:47:35,SP-FUTURE,ASK,2918.25,1267
11:47:35,ESX-FUTURE,BID,3346.0,284
11:47:36,ESX-FUTURE,ASK,3346.25,1877
11:47:36,SP-FUTURE,ASK,2919.0,667
11:47:37,ESX-FUTURE,BID,3346.25,3421
11:47:37,SP-FUTURE,ASK,2914.5,202
11:47:38,SP-FUTURE,ASK,2914.5,270
11:47:39,SP-FUTURE,BID,2914.25,120
11:47:39,ESX-FUTURE,BID,3346.5,1752
11:47:39,SP-FUTURE,BID,2912.75,339
11:47:40,ESX-FUTURE,ASK,3346.5,315
11:47:41,SP-FUTURE,ASK,2913.0,104
11:47:41,ESX-FUTURE,BID,3346.25,398
11:47:42,SP-FUTURE,BID,2912.75,711
11:47:42,ESX-FUTURE,ASK,3346.25,1
11:47:43,SP-FUTURE,BID,2912.75,478
11:47:43,SP-FUTURE,ASK,2913.0,237
11:47:44,ESX-FUTURE,BID,3346.0,1653
11:47:44,ESX-FUTURE,BID,3346.0,1377
11:47:44,SP-FUTURE,BID,2911.5,378
11:47:45,ESX-FUTURE,ASK,3346.0,936
11:47:45,ESX-FUTURE,ASK,3346.0,174
11:47:46,SP-FUTURE,ASK,2912.25,312
11:47:46,ESX-FUTURE,ASK,3346.0,90
11:47:47,ESX-FUTURE,BID,3345.75,311
11:47:47,SP-FUTURE,ASK,2912.25,467
11:47:47,SP-FUTURE,ASK,2912.25,468
11:47:48,SP-FUTURE,BID,2912.0,63
11:47:48,ESX-FUTURE,BID,3346.5,3
11:47:48,SP-FUTURE,ASK,2912.25,526
11:47:48,SP-FUTURE,ASK,2912.25,152
11:47:49,ESX-FUTURE,ASK,3347.0,383
11:47:49,ESX-FUTURE,BID,3346.75,48
11:47:50,SP-FUTURE,BID,2912.0,211
11:47:50,ESX-FUTURE,BID,3346.75,200
11:47:50,ESX-FUTURE,ASK,3347.0,739
11:47:50,SP-FUTURE,ASK,2912.5,239
11:47:51,ESX-FUTURE,BID,3346.75,861
11:47:52,SP-FUTURE,ASK,2912.25,330
11:47:52,ESX-FUTURE,BID,3347.0,373
11:47:53,ESX-FUTURE,BID,3347.0,12
11:47:53,SP-FUTURE,BID,2912.0,6
11:47:54,SP-FUTURE,ASK,2912.25,1149
11:47:54,SP-FUTURE,ASK,2912.25,887
11:47:55,SP-FUTURE,ASK,2912.25,1162
11:47:55,ESX-FUTURE,ASK,3350.25,532
11:47:55,ESX-FUTURE,BID,3350.0,444
11:47:55,SP-FUTURE,ASK,2912.0,311
11:47:56,ESX-FUTURE,BID,3350.0,2003
11:47:57,SP-FUTURE,BID,2910.75,324
11:47:57,SP-FUTURE,BID,2910.75,358
11:47:58,SP-FUTURE,BID,2910.75,250
11:47:58,ESX-FUTURE,ASK,3349.75,2239
11:47:59,SP-FUTURE,ASK,2912.5,153
11:48:00,ESX-FUTURE,BID,3349.5,954
11:48:00,SP-FUTURE,BID,2912.0,150
11:48:00,ESX-FUTURE,BID,3349.5,260
11:48:01,ESX-FUTURE,BID,3349.5,225
11:48:01,SP-FUTURE,BID,2911.75,737
11:48:01,ESX-FUTURE,BID,3348.75,353
11:48:02,SP-FUTURE,BID,2911.75,353
11:48:02,SP-FUTURE,ASK,2912.0,28
11:48:03,ESX-FUTURE,BID,3348.5,474
11:48:03,SP-FUTURE,BID,2911.5,536
11:48:04,SP-FUTURE,ASK,2911.75,7
11:48:04,ESX-FUTURE,BID,3348.5,1033
11:48:04,ESX-FUTURE,BID,3348.5,175
11:48:05,SP-FUTURE,ASK,2911.25,14
11:48:05,ESX-FUTURE,ASK,3348.75,442
11:48:06,SP-FUTURE,BID,2911.25,237
11:48:06,ESX-FUTURE,ASK,3348.75,1473
11:48:06,ESX-FUTURE,BID,3348.5,206
11:48:07,ESX-FUTURE,BID,3348.5,32
11:48:07,SP-FUTURE,BID,2911.5,687
11:48:07,SP-FUTURE,ASK,2911.75,49
11:48:08,ESX-FUTURE,BID,3348.0,43
11:48:08,SP-FUTURE,ASK,2911.75,409
11:48:08,ESX-FUTURE,BID,3348.25,1572
11:48:08,SP-FUTURE,ASK,2910.75,91
11:48:09,ESX-FUTURE,BID,3348.25,1379
11:48:10,SP-FUTURE,BID,2910.25,46
11:48:10,ESX-FUTURE,ASK,3348.5,207
11:48:10,SP-FUTURE,ASK,2910.5,691
11:48:11,SP-FUTURE,BID,2910.25,378
11:48:11,ESX-FUTURE,ASK,3349.0,3033
11:48:11,SP-FUTURE,ASK,2912.25,1207
11:48:12,SP-FUTURE,ASK,2912.25,552
11:48:12,ESX-FUTURE,ASK,3350.5,370
11:48:12,SP-FUTURE,BID,2912.0,51
11:48:13,ESX-FUTURE,BID,3350.25,665
11:48:13,ESX-FUTURE,ASK,3350.5,1088
11:48:13,SP-FUTURE,BID,2912.5,291
11:48:14,ESX-FUTURE,BID,3350.0,1987
11:48:15,SP-FUTURE,ASK,2911.75,311
11:48:16,SP-FUTURE,ASK,2911.75,135
11:48:16,ESX-FUTURE,ASK,3350.5,143
11:48:16,SP-FUTURE,ASK,2911.75,140
11:48:16,ESX-FUTURE,ASK,3350.75,765
11:48:17,ESX-FUTURE,ASK,3350.75,167
11:48:18,SP-FUTURE,BID,2911.5,668
11:48:19,ESX-FUTURE,BID,3350.25,18
11:48:19,ESX-FUTURE,ASK,3350.5,218
11:48:19,SP-FUTURE,BID,2911.75,13
11:48:20,SP-FUTURE,BID,2911.75,42
11:48:20,ESX-FUTURE,ASK,3350.5,610
11:48:21,SP-FUTURE,ASK,2912.0,200
11:48:21,SP-FUTURE,ASK,2912.0,134
11:48:22,ESX-FUTURE,BID,3350.5,157
11:48:22,SP-FUTURE,ASK,2912.0,17
11:48:23,SP-FUTURE,ASK,2912.0,36
11:48:24,ESX-FUTURE,ASK,3350.75,1444
11:48:25,SP-FUTURE,BID,2912.0,477
11:48:25,ESX-FUTURE,ASK,3350.0,3
11:48:26,SP-FUTURE,ASK,2912.25,615
11:48:26,ESX-FUTURE,ASK,3350.5,537
11:48:27,SP-FUTURE,BID,2912.25,36
11:48:28,SP-FUTURE,ASK,2912.5,583
11:48:28,ESX-FUTURE,ASK,3350.5,571
11:48:29,ESX-FUTURE,BID,3350.25,230
11:48:29,SP-FUTURE,BID,2912.25,1306
11:48:30,SP-FUTURE,ASK,2912.5,133
11:48:30,ESX-FUTURE,ASK,3348.25,1936
11:48:31,SP-FUTURE,BID,2914.25,615
11:48:32,SP-FUTURE,ASK,2914.5,444
11:48:32,SP-FUTURE,ASK,2914.5,198
11:48:32,ESX-FUTURE,ASK,3347.75,288
11:48:33,SP-FUTURE,BID,2914.25,404
11:48:34,ESX-FUTURE,ASK,3347.5,4
11:48:34,SP-FUTURE,BID,2914.25,151
11:48:34,SP-FUTURE,BID,2914.25,475
11:48:35,SP-FUTURE,ASK,2914.5,130
11:48:35,ESX-FUTURE,ASK,3347.5,1743
11:48:35,SP-FUTURE,ASK,2915.25,92
11:48:36,ESX-FUTURE,BID,3347.25,389
11:48:37,SP-FUTURE,ASK,2915.25,1068
11:48:37,ESX-FUTURE,ASK,3349.25,707
11:48:38,ESX-FUTURE,ASK,3349.25,6
11:48:38,SP-FUTURE,BID,2915.25,83
11:48:39,ESX-FUTURE,BID,3349.0,150
11:48:39,SP-FUTURE,ASK,2915.5,37
11:48:40,ESX-FUTURE,BID,3349.0,203
11:48:40,SP-FUTURE,BID,2915.0,356
11:48:41,SP-FUTURE,ASK,2915.25,37
11:48:41,ESX-FUTURE,ASK,3349.25,1161
11:48:42,SP-FUTURE,BID,2915.25,17
11:48:43,SP-FUTURE,ASK,2915.5,713
11:48:43,ESX-FUTURE,ASK,3349.75,597
11:48:44,ESX-FUTURE,BID,3349.5,11
11:48:44,SP-FUTURE,BID,2915.25,303
11:48:44,ESX-FUTURE,BID,3349.25,267
11:48:45,SP-FUTURE,ASK,2915.5,514
11:48:45,SP-FUTURE,BID,2915.25,169
11:48:46,ESX-FUTURE,BID,3349.25,263
11:48:46,SP-FUTURE,ASK,2915.25,8
11:48:46,ESX-FUTURE,BID,3349.25,1561
11:48:47,ESX-FUTURE,BID,3349.25,1076
11:48:47,SP-FUTURE,ASK,2913.75,141
11:48:47,ESX-FUTURE,ASK,3349.5,323
11:48:48,SP-FUTURE,BID,2913.75,14
11:48:48,SP-FUTURE,ASK,2914.0,616
11:48:49,ESX-FUTURE,BID,3349.5,432
11:48:49,ESX-FUTURE,ASK,3349.75,477
11:48:49,ESX-FUTURE,BID,3349.5,692
11:48:50,SP-FUTURE,ASK,2913.5,80
11:48:50,ESX-FUTURE,ASK,3349.75,412
11:48:50,ESX-FUTURE,BID,3349.5,1117
11:48:51,SP-FUTURE,ASK,2912.75,629
11:48:51,SP-FUTURE,BID,2912.5,143
11:48:51,ESX-FUTURE,ASK,3349.75,18
11:48:52,SP-FUTURE,BID,2912.5,134
11:48:52,ESX-FUTURE,ASK,3349.75,140
11:48:53,SP-FUTURE,ASK,2912.75,1131
11:48:54,SP-FUTURE,BID,2912.5,114
11:48:54,ESX-FUTURE,BID,3350.75,910
11:48:55,SP-FUTURE,ASK,2912.5,100
11:48:55,ESX-FUTURE,ASK,3351.25,1069
11:48:56,SP-FUTURE,ASK,2912.75,742
11:48:56,ESX-FUTURE,BID,3351.5,24
11:48:56,SP-FUTURE,BID,2912.5,102
11:48:57,ESX-FUTURE,BID,3351.5,149
11:48:58,SP-FUTURE,BID,2912.5,70
11:48:59,ESX-FUTURE,BID,3351.25,534
11:48:59,SP-FUTURE,BID,2912.5,1
11:48:59,ESX-FUTURE,ASK,3351.5,47
11:49:00,SP-FUTURE,BID,2912.5,29
11:49:00,ESX-FUTURE,BID,3351.25,2712
11:49:00,SP-FUTURE,ASK,2911.25,140
11:49:01,ESX-FUTURE,ASK,3351.75,2009
11:49:02,SP-FUTURE,ASK,2911.25,894
11:49:02,ESX-FUTURE,BID,3352.5,102
11:49:03,SP-FUTURE,BID,2911.0,192
11:49:03,ESX-FUTURE,ASK,3352.5,158
11:49:03,SP-FUTURE,BID,2911.0,332
11:49:03,ESX-FUTURE,BID,3352.25,16
11:49:03,ESX-FUTURE,BID,3352.25,9
11:49:04,SP-FUTURE,BID,2911.0,193
11:49:04,ESX-FUTURE,BID,3352.0,2027
11:49:05,SP-FUTURE,ASK,2909.75,424
11:49:05,ESX-FUTURE,ASK,3352.25,142
11:49:05,SP-FUTURE,BID,2909.5,173
11:49:06,SP-FUTURE,ASK,2909.75,760
11:49:06,SP-FUTURE,ASK,2909.75,252
11:49:07,ESX-FUTURE,ASK,3352.75,36
11:49:07,SP-FUTURE,BID,2909.5,42
11:49:08,ESX-FUTURE,BID,3352.5,65
11:49:08,SP-FUTURE,BID,2909.5,223
11:49:08,ESX-FUTURE,BID,3352.5,1132
11:49:09,SP-FUTURE,ASK,2908.75,47
11:49:09,ESX-FUTURE,ASK,3352.75,510
11:49:10,ESX-FUTURE,BID,3352.5,567
11:49:11,SP-FUTURE,ASK,2908.75,547
11:49:11,ESX-FUTURE,ASK,3353.0,184
11:49:11,SP-FUTURE,ASK,2908.75,538
11:49:12,SP-FUTURE,BID,2908.5,420
11:49:13,ESX-FUTURE,BID,3353.0,1208
11:49:13,SP-FUTURE,ASK,2908.75,135
11:49:14,SP-FUTURE,ASK,2908.75,716
11:49:14,ESX-FUTURE,ASK,3354.0,1003
11:49:15,SP-FUTURE,ASK,2908.75,307
11:49:15,SP-FUTURE,BID,2908.5,201
11:49:15,ESX-FUTURE,BID,3353.75,360
11:49:16,ESX-FUTURE,BID,3353.75,1217
11:49:16,SP-FUTURE,ASK,2908.25,51
11:49:17,ESX-FUTURE,ASK,3354.0,782
11:49:18,SP-FUTURE,ASK,2908.75,561
11:49:19,ESX-FUTURE,BID,3354.25,566
11:49:19,ESX-FUTURE,BID,3354.25,302
11:49:19,SP-FUTURE,ASK,2908.5,112
11:49:20,ESX-FUTURE,ASK,3354.5,508
11:49:20,SP-FUTURE,BID,2908.5,295
11:49:21,SP-FUTURE,ASK,2908.75,486
11:49:21,ESX-FUTURE,ASK,3355.0,569
11:49:23,ESX-FUTURE,BID,3354.75,156
11:49:23,SP-FUTURE,ASK,2908.75,179
11:49:23,ESX-FUTURE,ASK,3355.0,1512
11:49:24,SP-FUTURE,ASK,2910.0,124
11:49:24,ESX-FUTURE,ASK,3355.0,11
11:49:25,SP-FUTURE,BID,2909.75,463
11:49:25,ESX-FUTURE,BID,3354.75,19
11:49:26,ESX-FUTURE,ASK,3355.0,2673
11:49:26,SP-FUTURE,BID,2912.5,192
11:49:27,ESX-FUTURE,ASK,3354.75,731
11:49:27,SP-FUTURE,ASK,2913.25,379
11:49:27,ESX-FUTURE,BID,3354.5,296
11:49:28,ESX-FUTURE,ASK,3354.75,1
11:49:28,SP-FUTURE,BID,2913.0,74
11:49:29,ESX-FUTURE,ASK,3354.75,207
11:49:30,SP-FUTURE,ASK,2913.25,39
11:49:31,SP-FUTURE,ASK,2913.25,164
11:49:31,ESX-FUTURE,BID,3354.75,197
11:49:32,SP-FUTURE,BID,2913.0,78
11:49:32,ESX-FUTURE,ASK,3354.75,77
11:49:33,ESX-FUTURE,BID,3354.5,1471
11:49:34,SP-FUTURE,BID,2912.75,432
11:49:35,ESX-FUTURE,BID,3354.5,139
11:49:35,ESX-FUTURE,BID,3354.5,124
11:49:35,SP-FUTURE,BID,2912.75,439
11:49:36,SP-FUTURE,ASK,2913.0,229
11:49:36,ESX-FUTURE,BID,3354.0,42
11:49:37,SP-FUTURE,BID,2912.75,179
11:49:38,ESX-FUTURE,BID,3354.0,43
11:49:39,SP-FUTURE,ASK,2913.0,83
11:49:39,SP-FUTURE,ASK,2913.0,20
11:49:39,ESX-FUTURE,ASK,3354.25,409
11:49:40,SP-FUTURE,BID,2912.75,477
11:49:40,ESX-FUTURE,ASK,3354.25,1073
11:49:41,ESX-FUTURE,BID,3354.0,617
11:49:41,SP-FUTURE,BID,2913.5,154
11:49:43,SP-FUTURE,ASK,2913.75,944
11:49:43,ESX-FUTURE,ASK,3354.75,224
11:49:44,SP-FUTURE,BID,2913.5,344
11:49:45,ESX-FUTURE,ASK,3354.5,200
11:49:45,SP-FUTURE,ASK,2913.75,691
11:49:46,ESX-FUTURE,ASK,3355.25,511
11:49:47,SP-FUTURE,BID,2913.75,218
11:49:47,ESX-FUTURE,BID,3355.0,242
11:49:48,ESX-FUTURE,BID,3355.0,456
11:49:48,SP-FUTURE,BID,2913.5,919
11:49:49,ESX-FUTURE,BID,3353.5,793
11:49:50,SP-FUTURE,ASK,2913.5,8
11:49:50,ESX-FUTURE,ASK,3353.75,335
11:49:51,SP-FUTURE,BID,2913.5,130
11:49:52,SP-FUTURE,ASK,2913.75,194
11:49:52,ESX-FUTURE,ASK,3353.75,35
11:49:53,ESX-FUTURE,ASK,3353.75,187
11:49:53,SP-FUTURE,BID,2913.5,150
11:49:54,ESX-FUTURE,BID,3353.5,964
11:49:54,SP-FUTURE,ASK,2913.5,228
11:49:55,ESX-FUTURE,ASK,3354.0,199
11:49:56,SP-FUTURE,ASK,2913.5,306
11:49:57,ESX-FUTURE,ASK,3354.25,1644
11:49:57,ESX-FUTURE,BID,3354.0,546
11:49:57,SP-FUTURE,ASK,2914.0,56
11:49:57,ESX-FUTURE,ASK,3354.25,590
11:49:58,SP-FUTURE,ASK,2914.0,19
11:49:58,SP-FUTURE,BID,2913.75,282
11:49:59,ESX-FUTURE,ASK,3354.25,808
11:50:00,ESX-FUTURE,BID,3354.0,318
11:50:00,SP-FUTURE,BID,2914.0,145
11:50:01,SP-FUTURE,ASK,2914.25,812
11:50:02,SP-FUTURE,ASK,2914.25,679
11:50:02,ESX-FUTURE,BID,3354.75,1472
11:50:03,SP-FUTURE,BID,2913.0,594
11:50:03,ESX-FUTURE,ASK,3354.5,541
11:50:03,ESX-FUTURE,BID,3354.25,259
11:50:04,SP-FUTURE,BID,2913.0,688
11:50:04,ESX-FUTURE,ASK,3354.25,1691
11:50:05,SP-FUTURE,BID,2913.25,217
11:50:06,ESX-FUTURE,BID,3353.75,851
11:50:07,SP-FUTURE,BID,2912.75,243
11:50:08,ESX-FUTURE,ASK,3354.0,551
11:50:08,SP-FUTURE,ASK,2913.0,170
11:50:08,ESX-FUTURE,BID,3353.75,385
11:50:09,SP-FUTURE,ASK,2913.0,965
11:50:09,SP-FUTURE,ASK,2913.0,779
11:50:09,ESX-FUTURE,BID,3354.5,1826
11:50:10,ESX-FUTURE,BID,3354.5,511
11:50:10,SP-FUTURE,ASK,2912.75,912
11:50:11,ESX-FUTURE,ASK,3355.0,3071
11:50:11,SP-FUTURE,BID,2916.25,472
11:50:12,ESX-FUTURE,BID,3354.25,375
11:50:12,SP-FUTURE,ASK,2916.5,381
11:50:12,ESX-FUTURE,ASK,3354.5,258
11:50:13,ESX-FUTURE,ASK,3354.5,265
11:50:13,SP-FUTURE,BID,2916.25,657
11:50:14,SP-FUTURE,ASK,2916.5,225
11:50:15,ESX-FUTURE,BID,3354.0,112
11:50:16,SP-FUTURE,BID,2916.25,312
11:50:16,ESX-FUTURE,ASK,3354.25,477
11:50:17,ESX-FUTURE,BID,3354.0,552
11:50:17,SP-FUTURE,ASK,2916.5,103
11:50:19,ESX-FUTURE,ASK,3354.25,1210
11:50:19,SP-FUTURE,ASK,2917.25,588
11:50:19,ESX-FUTURE,BID,3354.5,2703
11:50:20,SP-FUTURE,ASK,2914.0,109
11:50:20,ESX-FUTURE,ASK,3354.75,119
11:50:21,SP-FUTURE,BID,2913.75,279
11:50:22,ESX-FUTURE,BID,3354.5,823
11:50:22,ESX-FUTURE,BID,3354.5,1480
11:50:22,SP-FUTURE,BID,2913.25,15
11:50:22,ESX-FUTURE,BID,3354.5,940
11:50:23,SP-FUTURE,ASK,2913.25,854
11:50:24,ESX-FUTURE,ASK,3355.5,2709
11:50:25,ESX-FUTURE,BID,3355.25,96
11:50:25,SP-FUTURE,BID,2916.0,447
11:50:26,SP-FUTURE,ASK,2916.25,1
11:50:26,ESX-FUTURE,ASK,3355.5,718
11:50:27,SP-FUTURE,ASK,2916.5,105
11:50:28,ESX-FUTURE,ASK,3355.5,407
11:50:28,SP-FUTURE,BID,2916.25,185
11:50:28,ESX-FUTURE,ASK,3355.25,307
11:50:28,SP-FUTURE,ASK,2916.5,14
11:50:29,SP-FUTURE,ASK,2916.5,25
11:50:29,ESX-FUTURE,ASK,3355.25,274
11:50:30,SP-FUTURE,BID,2916.5,222
11:50:30,ESX-FUTURE,BID,3355.0,800
11:50:31,ESX-FUTURE,ASK,3355.25,1304
11:50:31,SP-FUTURE,BID,2916.75,343
11:50:31,ESX-FUTURE,ASK,3355.0,257
11:50:31,SP-FUTURE,ASK,2917.0,266
11:50:33,ESX-FUTURE,BID,3355.0,708
11:50:34,SP-FUTURE,ASK,2916.75,191
11:50:34,ESX-FUTURE,ASK,3355.5,1631
11:50:34,SP-FUTURE,ASK,2917.0,564
11:50:35,SP-FUTURE,BID,2916.75,155
11:50:35,ESX-FUTURE,BID,3355.5,662
11:50:36,SP-FUTURE,BID,2916.75,587
11:50:36,ESX-FUTURE,BID,3355.0,30
11:50:37,SP-FUTURE,ASK,2917.0,708
11:50:38,ESX-FUTURE,ASK,3355.75,93
11:50:38,ESX-FUTURE,BID,3355.5,42
11:50:38,SP-FUTURE,ASK,2917.0,590
11:50:39,ESX-FUTURE,ASK,3356.25,1132
11:50:40,ESX-FUTURE,ASK,3356.25,505
11:50:41,SP-FUTURE,ASK,2917.75,462
11:50:42,SP-FUTURE,ASK,2917.75,110
11:50:42,ESX-FUTURE,BID,3356.0,248
11:50:42,ESX-FUTURE,BID,3356.0,1320
11:50:43,SP-FUTURE,BID,2916.75,3
11:50:43,SP-FUTURE,BID,2916.75,1195
11:50:44,ESX-FUTURE,BID,3354.0,274
11:50:44,SP-FUTURE,ASK,2917.0,21
11:50:45,SP-FUTURE,BID,2916.75,111
11:50:46,SP-FUTURE,BID,2916.75,762
11:50:46,ESX-FUTURE,ASK,3353.25,907
11:50:47,ESX-FUTURE,BID,3353.0,54
11:50:47,SP-FUTURE,ASK,2917.0,302
11:50:48,ESX-FUTURE,BID,3353.0,535
11:50:48,SP-FUTURE,BID,2916.75,159
11:50:49,ESX-FUTURE,BID,3353.0,636
11:50:49,SP-FUTURE,ASK,2916.75,562
11:50:49,ESX-FUTURE,ASK,3353.25,8
11:50:50,SP-FUTURE,ASK,2916.75,110
11:50:51,SP-FUTURE,ASK,2916.75,1340
11:50:51,ESX-FUTURE,BID,3355.5,3041
11:50:52,SP-FUTURE,BID,2912.5,120
11:50:52,ESX-FUTURE,ASK,3355.75,42
11:50:52,SP-FUTURE,ASK,2912.75,42
11:50:53,SP-FUTURE,ASK,2912.75,28
11:50:54,ESX-FUTURE,ASK,3355.75,44
11:50:54,SP-FUTURE,ASK,2912.75,48
11:50:54,ESX-FUTURE,ASK,3356.0,2495
11:50:55,ESX-FUTURE,ASK,3356.0,1927
11:50:55,SP-FUTURE,BID,2912.75,17
11:50:56,SP-FUTURE,ASK,2913.0,123
11:50:56,ESX-FUTURE,BID,3355.75,13
11:50:56,SP-FUTURE,ASK,2913.0,215
11:50:57,ESX-FUTURE,BID,3355.75,87
11:50:57,SP-FUTURE,BID,2912.5,17
11:50:58,ESX-FUTURE,ASK,3356.0,2039
11:50:58,SP-FUTURE,BID,2913.0,48
11:50:59,SP-FUTURE,BID,2913.0,142
11:50:59,ESX-FUTURE,BID,3355.5,1064
11:50:59,SP-FUTURE,BID,2912.5,242
11:51:00,ESX-FUTURE,BID,3355.5,103
11:51:00,SP-FUTURE,BID,2912.5,159
11:51:00,ESX-FUTURE,ASK,3355.75,2426
11:51:01,SP-FUTURE,BID,2913.0,71
11:51:01,ESX-FUTURE,ASK,3355.5,21
11:51:02,ESX-FUTURE,BID,3355.25,701
11:51:02,SP-FUTURE,ASK,2913.25,318
11:51:03,SP-FUTURE,ASK,2913.25,242
11:51:03,ESX-FUTURE,BID,3355.5,993
11:51:04,ESX-FUTURE,ASK,3355.75,495
11:51:04,SP-FUTURE,ASK,2913.0,102
11:51:04,SP-FUTURE,BID,2912.75,409
11:51:05,ESX-FUTURE,BID,3355.25,741
11:51:05,ESX-FUTURE,BID,3355.25,1408
11:51:06,SP-FUTURE,ASK,2912.75,344
11:51:06,SP-FUTURE,BID,2912.5,268
11:51:06,ESX-FUTURE,BID,3355.25,913
11:51:07,SP-FUTURE,ASK,2912.5,12
11:51:07,ESX-FUTURE,BID,3355.25,1196
11:51:07,SP-FUTURE,ASK,2912.5,451
11:51:09,ESX-FUTURE,ASK,3355.75,535
11:51:09,SP-FUTURE,ASK,2912.5,99
11:51:09,ESX-FUTURE,ASK,3355.75,1709
11:51:10,ESX-FUTURE,ASK,3355.75,406
11:51:10,SP-FUTURE,BID,2912.75,238
11:51:10,ESX-FUTURE,BID,3355.25,134
11:51:11,SP-FUTURE,BID,2912.75,24
11:51:11,ESX-FUTURE,ASK,3355.5,469
11:51:12,SP-FUTURE,ASK,2913.25,769
11:51:12,ESX-FUTURE,BID,3355.25,2254
11:51:13,SP-FUTURE,ASK,2913.0,54
11:51:13,SP-FUTURE,ASK,2913.0,197
11:51:13,ESX-FUTURE,BID,3355.5,171
11:51:14,ESX-FUTURE,BID,3355.5,342
11:51:14,ESX-FUTURE,ASK,3355.75,128
11:51:15,SP-FUTURE,BID,2912.75,301
11:51:15,ESX-FUTURE,BID,3355.25,296
11:51:16,SP-FUTURE,BID,2912.75,189
11:51:16,SP-FUTURE,ASK,2913.0,393
11:51:16,ESX-FUTURE,ASK,3355.75,1422
11:51:17,ESX-FUTURE,ASK,3355.75,1730
11:51:17,ESX-FUTURE,BID,3355.5,172
11:51:17,SP-FUTURE,BID,2913.5,47
11:51:18,SP-FUTURE,ASK,2913.75,20
11:51:18,SP-FUTURE,ASK,2913.75,30
11:51:18,ESX-FUTURE,ASK,3355.75,793
11:51:19,SP-FUTURE,ASK,2914.0,473
11:51:20,ESX-FUTURE,BID,3355.75,1198
11:51:20,SP-FUTURE,BID,2913.5,278
11:51:20,ESX-FUTURE,ASK,3356.0,413
11:51:21,SP-FUTURE,BID,2913.5,215
11:51:21,ESX-FUTURE,BID,3355.5,600
11:51:22,ESX-FUTURE,BID,3355.5,1524
11:51:23,SP-FUTURE,ASK,2913.5,118
11:51:23,ESX-FUTURE,BID,3355.75,79
11:51:23,ESX-FUTURE,ASK,3356.0,1872
11:51:23,SP-FUTURE,ASK,2914.0,1017
11:51:24,ESX-FUTURE,BID,3357.25,772
11:51:25,SP-FUTURE,ASK,2913.75,359
11:51:25,ESX-FUTURE,ASK,3357.75,928
11:51:26,ESX-FUTURE,BID,3357.5,853
11:51:26,ESX-FUTURE,BID,3357.5,778
11:51:27,SP-FUTURE,BID,2913.0,76
11:51:27,ESX-FUTURE,BID,3357.5,204
11:51:27,ESX-FUTURE,ASK,3357.75,2343
11:51:28,SP-FUTURE,ASK,2915.75,183
11:51:28,ESX-FUTURE,ASK,3357.75,231
11:51:29,ESX-FUTURE,BID,3357.5,808
11:51:30,SP-FUTURE,ASK,2915.5,58
11:51:31,ESX-FUTURE,BID,3357.5,1471
11:51:31,SP-FUTURE,ASK,2915.0,111
11:51:32,ESX-FUTURE,BID,3357.5,328
11:51:32,SP-FUTURE,ASK,2915.0,280
11:51:33,ESX-FUTURE,BID,3357.75,1877
11:51:34,SP-FUTURE,ASK,2914.0,54
11:51:34,ESX-FUTURE,BID,3357.75,1565
11:51:34,SP-FUTURE,ASK,2913.75,164
11:51:36,ESX-FUTURE,ASK,3358.25,832
11:51:36,SP-FUTURE,ASK,2913.75,881
11:51:37,SP-FUTURE,ASK,2913.75,460
11:51:37,ESX-FUTURE,ASK,3359.5,1899
11:51:37,ESX-FUTURE,ASK,3359.5,463
11:51:38,SP-FUTURE,ASK,2914.25,640
11:51:38,SP-FUTURE,ASK,2914.25,475
11:51:38,ESX-FUTURE,ASK,3360.0,491
11:51:39,ESX-FUTURE,BID,3359.75,226
11:51:40,ESX-FUTURE,BID,3359.75,323
11:51:40,SP-FUTURE,ASK,2914.0,60
11:51:41,SP-FUTURE,ASK,2914.0,171
11:51:41,ESX-FUTURE,ASK,3360.0,240
11:51:42,ESX-FUTURE,BID,3359.75,1678
11:51:42,SP-FUTURE,BID,2912.75,22
11:51:42,ESX-FUTURE,BID,3359.75,1551
11:51:43,ESX-FUTURE,ASK,3360.0,200
11:51:43,ESX-FUTURE,BID,3359.75,452
11:51:43,SP-FUTURE,ASK,2911.75,17
11:51:44,ESX-FUTURE,ASK,3360.0,1123
11:51:44,SP-FUTURE,ASK,2912.75,1439
11:51:45,ESX-FUTURE,BID,3362.5,791
11:51:46,SP-FUTURE,BID,2912.0,470
11:51:46,ESX-FUTURE,BID,3362.5,51
11:51:47,SP-FUTURE,BID,2912.0,110
11:51:47,SP-FUTURE,ASK,2912.25,157
11:51:48,ESX-FUTURE,ASK,3362.75,416
11:51:49,SP-FUTURE,BID,2912.25,96
11:51:49,SP-FUTURE,ASK,2912.5,703
11:51:49,ESX-FUTURE,ASK,3363.0,1191
11:51:50,ESX-FUTURE,ASK,3363.0,595
11:51:50,SP-FUTURE,ASK,2913.25,79
11:51:50,ESX-FUTURE,ASK,3363.0,13
11:51:51,SP-FUTURE,BID,2913.0,394
11:51:51,ESX-FUTURE,BID,3362.25,86
11:51:52,SP-FUTURE,ASK,2913.25,463
11:51:53,ESX-FUTURE,ASK,3362.75,753
11:51:53,SP-FUTURE,ASK,2913.5,60
11:51:53,ESX-FUTURE,ASK,3362.75,762
11:51:54,SP-FUTURE,ASK,2914.0,13
11:51:55,ESX-FUTURE,ASK,3362.75,355
11:51:55,SP-FUTURE,BID,2913.75,545
11:51:56,ESX-FUTURE,ASK,3362.5,463
11:51:56,SP-FUTURE,ASK,2914.0,16
11:51:57,SP-FUTURE,BID,2913.75,309
11:51:57,ESX-FUTURE,ASK,3362.5,757
11:51:57,SP-FUTURE,ASK,2914.25,243
11:51:58,ESX-FUTURE,ASK,3362.5,110
11:51:58,SP-FUTURE,ASK,2914.25,173
11:51:59,ESX-FUTURE,ASK,3362.75,344
11:51:59,ESX-FUTURE,BID,3362.5,33
11:51:59,SP-FUTURE,ASK,2914.25,29
11:52:00,ESX-FUTURE,BID,3362.5,1013
11:52:00,SP-FUTURE,ASK,2913.75,183
11:52:01,ESX-FUTURE,ASK,3362.75,383
11:52:01,SP-FUTURE,BID,2913.5,175
11:52:02,SP-FUTURE,BID,2913.5,641
11:52:02,ESX-FUTURE,BID,3361.5,1343
11:52:03,SP-FUTURE,BID,2913.0,725
11:52:03,ESX-FUTURE,BID,3361.5,2437
11:52:04,ESX-FUTURE,BID,3361.5,157
11:52:04,SP-FUTURE,BID,2910.5,162
11:52:05,ESX-FUTURE,BID,3361.5,2376
11:52:05,SP-FUTURE,ASK,2908.25,394
11:52:06,SP-FUTURE,ASK,2908.25,93
11:52:06,ESX-FUTURE,BID,3361.75,1924
11:52:06,SP-FUTURE,ASK,2906.25,404
11:52:07,ESX-FUTURE,BID,3362.25,41
11:52:07,SP-FUTURE,ASK,2906.25,193
11:52:09,SP-FUTURE,BID,2906.0,132
11:52:09,ESX-FUTURE,BID,3362.25,86
11:52:09,SP-FUTURE,ASK,2906.25,45
11:52:09,ESX-FUTURE,BID,3362.25,1236
11:52:09,ESX-FUTURE,ASK,3362.5,504
11:52:10,SP-FUTURE,BID,2905.25,1054
11:52:11,SP-FUTURE,BID,2905.25,178
11:52:11,ESX-FUTURE,BID,3361.75,259
11:52:12,SP-FUTURE,ASK,2905.5,113
11:52:12,ESX-FUTURE,BID,3361.75,731
11:52:13,SP-FUTURE,ASK,2905.25,1262
11:52:13,ESX-FUTURE,BID,3364.0,385
11:52:14,SP-FUTURE,ASK,2905.0,37
11:52:15,ESX-FUTURE,ASK,3364.25,144
11:52:15,SP-FUTURE,BID,2904.75,186
11:52:17,ESX-FUTURE,BID,3364.0,229
11:52:17,SP-FUTURE,BID,2904.75,317
11:52:17,ESX-FUTURE,ASK,3364.0,862
11:52:18,SP-FUTURE,ASK,2905.5,33
11:52:18,ESX-FUTURE,ASK,3364.0,442
11:52:19,SP-FUTURE,BID,2905.5,139
11:52:20,ESX-FUTURE,BID,3363.75,273
11:52:20,SP-FUTURE,BID,2905.5,246
11:52:21,ESX-FUTURE,ASK,3363.75,33
11:52:21,SP-FUTURE,BID,2905.5,121
11:52:21,SP-FUTURE,BID,2905.5,332
11:52:22,ESX-FUTURE,ASK,3363.5,1062
11:52:23,ESX-FUTURE,BID,3363.25,600
11:52:23,SP-FUTURE,ASK,2905.75,140
11:52:23,SP-FUTURE,BID,2905.5,515
11:52:24,ESX-FUTURE,BID,3363.0,1114
11:52:24,ESX-FUTURE,BID,3363.0,111
11:52:25,SP-FUTURE,BID,2904.75,93
11:52:26,ESX-FUTURE,ASK,3363.25,352
11:52:26,SP-FUTURE,ASK,2905.0,2
11:52:27,SP-FUTURE,BID,2904.75,754
11:52:27,ESX-FUTURE,BID,3363.0,716
11:52:28,SP-FUTURE,ASK,2904.75,365
11:52:28,ESX-FUTURE,BID,3363.25,230
11:52:29,SP-FUTURE,ASK,2904.75,860
11:52:30,SP-FUTURE,BID,2904.5,131
11:52:30,ESX-FUTURE,ASK,3364.25,53
11:52:30,ESX-FUTURE,BID,3364.0,2482
11:52:31,ESX-FUTURE,BID,3364.0,1716
11:52:31,SP-FUTURE,BID,2901.75,228
11:52:33,ESX-FUTURE,ASK,3364.25,841
11:52:34,SP-FUTURE,ASK,2902.0,107
11:52:34,ESX-FUTURE,BID,3364.0,612
11:52:34,SP-FUTURE,BID,2901.5,571
11:52:35,ESX-FUTURE,BID,3363.25,47
11:52:35,SP-FUTURE,BID,2901.5,474
11:52:36,ESX-FUTURE,BID,3362.75,1600
11:52:36,ESX-FUTURE,BID,3362.75,34
11:52:36,SP-FUTURE,BID,2901.25,181
11:52:37,ESX-FUTURE,BID,3362.75,2564
11:52:38,SP-FUTURE,BID,2900.5,7
11:52:38,ESX-FUTURE,BID,3362.75,1315
11:52:38,ESX-FUTURE,BID,3362.75,1554
11:52:39,ESX-FUTURE,ASK,3363.0,10
11:52:39,ESX-FUTURE,ASK,3363.0,193
11:52:39,SP-FUTURE,BID,2900.0,632
11:52:39,SP-FUTURE,BID,2900.0,182
11:52:41,ESX-FUTURE,BID,3362.5,627
11:52:41,ESX-FUTURE,ASK,3362.75,1974
11:52:41,SP-FUTURE,BID,2901.5,76
11:52:42,ESX-FUTURE,ASK,3362.75,694
11:52:42,SP-FUTURE,ASK,2902.0,271
11:52:43,ESX-FUTURE,BID,3362.5,1170
11:52:43,SP-FUTURE,ASK,2901.25,102
11:52:44,ESX-FUTURE,ASK,3362.75,204
11:52:45,ESX-FUTURE,ASK,3362.75,700
11:52:45,ESX-FUTURE,BID,3362.5,1838
11:52:46,SP-FUTURE,BID,2900.5,562
11:52:46,ESX-FUTURE,BID,3362.0,90
11:52:46,ESX-FUTURE,BID,3362.0,19
11:52:47,ESX-FUTURE,ASK,3362.25,2000
11:52:47,SP-FUTURE,ASK,2901.0,43
11:52:48,ESX-FUTURE,BID,3362.0,32
11:52:48,SP-FUTURE,ASK,2901.0,437
11:52:48,ESX-FUTURE,ASK,3362.25,1577
11:52:49,ESX-FUTURE,ASK,3362.25,1079
11:52:49,SP-FUTURE,ASK,2902.25,13
11:52:50,ESX-FUTURE,ASK,3362.25,635
11:52:51,SP-FUTURE,BID,2902.25,30
11:52:51,ESX-FUTURE,BID,3362.0,562
11:52:52,ESX-FUTURE,BID,3362.0,500
11:52:52,SP-FUTURE,BID,2901.75,94
11:52:52,SP-FUTURE,BID,2901.75,180
11:52:52,ESX-FUTURE,BID,3361.75,548
11:52:53,ESX-FUTURE,BID,3361.75,1541
11:52:53,SP-FUTURE,BID,2901.0,491
11:52:54,ESX-FUTURE,ASK,3361.75,1124
11:52:54,SP-FUTURE,BID,2901.75,1059
11:52:56,ESX-FUTURE,ASK,3360.0,761
11:52:56,SP-FUTURE,ASK,2902.5,345
11:52:57,SP-FUTURE,BID,2902.25,179
11:52:57,ESX-FUTURE,ASK,3360.0,147
11:52:58,SP-FUTURE,BID,2902.25,98
11:52:58,ESX-FUTURE,BID,3359.75,1410
11:52:59,SP-FUTURE,ASK,2901.75,77
11:52:59,ESX-FUTURE,ASK,3360.0,170
11:53:00,ESX-FUTURE,BID,3359.75,90
11:53:01,SP-FUTURE,BID,2901.75,122
11:53:02,ESX-FUTURE,BID,3359.75,1217
11:53:02,SP-FUTURE,ASK,2901.25,661
11:53:03,ESX-FUTURE,BID,3360.5,129
11:53:03,SP-FUTURE,ASK,2901.25,421
11:53:04,SP-FUTURE,ASK,2901.25,274
11:53:04,ESX-FUTURE,ASK,3361.0,813
11:53:05,SP-FUTURE,ASK,2901.5,506
11:53:05,ESX-FUTURE,ASK,3361.5,2499
11:53:05,SP-FUTURE,BID,2904.0,379
11:53:06,SP-FUTURE,ASK,2904.25,81
11:53:06,ESX-FUTURE,BID,3361.25,288
11:53:06,SP-FUTURE,ASK,2904.25,19
11:53:08,ESX-FUTURE,ASK,3361.5,105
11:53:08,SP-FUTURE,ASK,2904.25,94
11:53:08,ESX-FUTURE,BID,3361.25,786
11:53:10,SP-FUTURE,ASK,2903.75,136
11:53:10,ESX-FUTURE,ASK,3361.5,1235
11:53:10,SP-FUTURE,BID,2904.5,709
11:53:11,ESX-FUTURE,BID,3361.0,163
11:53:12,SP-FUTURE,ASK,2904.75,116
11:53:13,SP-FUTURE,ASK,2904.75,532
11:53:13,ESX-FUTURE,ASK,3361.75,71
11:53:14,ESX-FUTURE,ASK,3361.75,102
11:53:14,SP-FUTURE,ASK,2904.75,116
11:53:15,ESX-FUTURE,BID,3361.75,75
11:53:15,SP-FUTURE,ASK,2904.75,30
11:53:15,ESX-FUTURE,BID,3361.75,81
11:53:16,SP-FUTURE,BID,2904.5,29
11:53:17,ESX-FUTURE,ASK,3362.0,2922
11:53:17,SP-FUTURE,BID,2908.25,4
11:53:18,ESX-FUTURE,BID,3361.75,248
11:53:18,SP-FUTURE,BID,2908.0,240
11:53:19,ESX-FUTURE,ASK,3361.75,135
11:53:20,ESX-FUTURE,BID,3361.5,992
11:53:20,SP-FUTURE,BID,2908.0,419
11:53:21,ESX-FUTURE,BID,3361.25,1083
11:53:22,SP-FUTURE,ASK,2908.0,564
11:53:22,ESX-FUTURE,ASK,3361.75,141
11:53:22,SP-FUTURE,ASK,2908.0,702
11:53:23,ESX-FUTURE,ASK,3362.0,34
11:53:24,SP-FUTURE,BID,2907.75,202
11:53:24,SP-FUTURE,BID,2907.75,123
11:53:24,SP-FUTURE,BID,2907.75,287
11:53:25,ESX-FUTURE,BID,3361.5,449
11:53:26,SP-FUTURE,ASK,2907.75,392
11:53:26,SP-FUTURE,ASK,2907.75,399
11:53:26,ESX-FUTURE,BID,3362.0,99
11:53:27,ESX-FUTURE,ASK,3362.25,652
11:53:27,ESX-FUTURE,ASK,3362.25,259
11:53:27,ESX-FUTURE,BID,3362.0,1083
11:53:28,SP-FUTURE,ASK,2907.75,74
11:53:28,ESX-FUTURE,ASK,3362.25,351
11:53:29,SP-FUTURE,BID,2907.75,99
11:53:29,ESX-FUTURE,BID,3362.0,2548
11:53:30,SP-FUTURE,ASK,2905.0,30
11:53:30,ESX-FUTURE,BID,3362.0,1342
11:53:30,SP-FUTURE,BID,2904.5,3
11:53:31,ESX-FUTURE,BID,3362.0,2584
11:53:32,SP-FUTURE,ASK,2901.75,107
11:53:32,ESX-FUTURE,ASK,3362.25,46
11:53:33,SP-FUTURE,ASK,2901.75,211
11:53:33,ESX-FUTURE,ASK,3362.5,662
11:53:34,SP-FUTURE,ASK,2902.0,296
11:53:35,ESX-FUTURE,BID,3362.5,182
11:53:35,SP-FUTURE,BID,2901.75,177
11:53:36,ESX-FUTURE,ASK,3362.75,1499
11:53:36,SP-FUTURE,BID,2902.75,5
11:53:36,ESX-FUTURE,BID,3362.5,878
11:53:37,SP-FUTURE,ASK,2902.5,137
11:53:37,ESX-FUTURE,ASK,3362.75,372
11:53:38,ESX-FUTURE,BID,3362.5,1424
11:53:38,SP-FUTURE,ASK,2901.5,135
11:53:39,ESX-FUTURE,ASK,3362.75,635
11:53:39,SP-FUTURE,BID,2901.75,6
11:53:40,ESX-FUTURE,ASK,3362.75,5
11:53:40,ESX-FUTURE,BID,3362.5,347
11:53:40,SP-FUTURE,BID,2901.5,310
11:53:41,SP-FUTURE,ASK,2901.75,35
11:53:42,ESX-FUTURE,ASK,3362.75,420
11:53:42,SP-FUTURE,ASK,2902.0,146
11:53:43,SP-FUTURE,BID,2901.75,549
11:53:43,ESX-FUTURE,BID,3362.25,126
11:53:44,SP-FUTURE,BID,2901.75,334
11:53:45,ESX-FUTURE,ASK,3362.25,2
11:53:45,SP-FUTURE,ASK,2902.0,285
11:53:46,ESX-FUTURE,ASK,3362.5,763
11:53:46,SP-FUTURE,ASK,2902.5,590
11:53:47,ESX-FUTURE,ASK,3363.0,749
11:53:47,ESX-FUTURE,ASK,3363.0,284
11:53:47,SP-FUTURE,ASK,2902.75,503
11:53:48,SP-FUTURE,ASK,2902.75,727
11:53:48,ESX-FUTURE,BID,3363.25,230
11:53:48,SP-FUTURE,ASK,2902.75,34
11:53:49,ESX-FUTURE,BID,3363.25,18
11:53:49,SP-FUTURE,BID,2902.5,63
11:53:50,ESX-FUTURE,ASK,3363.5,348
11:53:51,SP-FUTURE,ASK,2902.75,1043
11:53:51,ESX-FUTURE,BID,3365.0,157
11:53:52,ESX-FUTURE,BID,3365.0,427
11:53:53,SP-FUTURE,ASK,2902.5,11
11:53:53,SP-FUTURE,BID,2902.25,524
11:53:53,ESX-FUTURE,ASK,3364.75,297
11:53:54,SP-FUTURE,ASK,2902.5,216
11:53:54,ESX-FUTURE,BID,3364.5,841
11:53:55,ESX-FUTURE,BID,3364.5,1767
11:53:55,SP-FUTURE,ASK,2901.5,590
11:53:56,SP-FUTURE,ASK,2901.5,362
11:53:57,ESX-FUTURE,ASK,3365.25,784
11:53:57,SP-FUTURE,ASK,2902.0,586
11:53:58,ESX-FUTURE,BID,3365.0,858
11:53:58,ESX-FUTURE,ASK,3365.25,309
11:53:59,ESX-FUTURE,BID,3365.0,1117
11:53:59,SP-FUTURE,BID,2901.25,111
11:54:00,ESX-FUTURE,ASK,3365.25,1146
11:54:00,SP-FUTURE,ASK,2902.25,92
11:54:01,SP-FUTURE,ASK,2902.25,1051
11:54:02,ESX-FUTURE,ASK,3365.5,570
11:54:02,ESX-FUTURE,ASK,3365.5,1200
11:54:03,SP-FUTURE,ASK,2903.0,355
11:54:03,ESX-FUTURE,BID,3365.25,825
11:54:04,SP-FUTURE,BID,2902.25,73
11:54:04,ESX-FUTURE,ASK,3365.5,1303
11:54:04,SP-FUTURE,BID,2903.25,59
11:54:05,ESX-FUTURE,BID,3365.25,577
11:54:06,ESX-FUTURE,ASK,3365.5,1952
11:54:07,SP-FUTURE,ASK,2905.25,322
11:54:07,ESX-FUTURE,BID,3365.25,2039
11:54:08,ESX-FUTURE,BID,3365.25,1940
11:54:09,SP-FUTURE,BID,2903.0,412
11:54:09,ESX-FUTURE,BID,3365.0,2097
11:54:10,SP-FUTURE,BID,2902.25,220
11:54:10,SP-FUTURE,ASK,2902.5,1299
11:54:11,SP-FUTURE,ASK,2902.5,185
11:54:11,ESX-FUTURE,BID,3367.25,1724
11:54:11,ESX-FUTURE,ASK,3367.5,128
11:54:11,SP-FUTURE,ASK,2901.5,601
11:54:12,SP-FUTURE,BID,2901.25,843
11:54:12,ESX-FUTURE,BID,3366.75,992
11:54:13,ESX-FUTURE,ASK,3367.0,485
11:54:13,SP-FUTURE,BID,2900.75,256
11:54:14,ESX-FUTURE,ASK,3366.75,279
11:54:15,SP-FUTURE,ASK,2901.0,20
11:54:15,SP-FUTURE,ASK,2901.0,39
11:54:15,SP-FUTURE,BID,2900.75,1057
11:54:16,ESX-FUTURE,BID,3366.0,37
11:54:17,SP-FUTURE,BID,2900.75,628
11:54:18,ESX-FUTURE,ASK,3366.0,1928
11:54:19,SP-FUTURE,BID,2902.25,575
11:54:19,ESX-FUTURE,BID,3365.0,905
11:54:20,SP-FUTURE,BID,2902.25,15
11:54:20,ESX-FUTURE,ASK,3365.25,24
11:54:21,ESX-FUTURE,BID,3365.0,979
11:54:22,SP-FUTURE,ASK,2902.25,70
11:54:22,ESX-FUTURE,BID,3365.0,623
11:54:23,SP-FUTURE,ASK,2902.25,161
11:54:24,ESX-FUTURE,BID,3365.25,261
11:54:24,SP-FUTURE,BID,2902.0,320
11:54:24,ESX-FUTURE,ASK,3365.25,337
11:54:25,ESX-FUTURE,BID,3365.0,124
11:54:26,SP-FUTURE,BID,2902.0,578
11:54:26,SP-FUTURE,BID,2902.0,125
11:54:27,ESX-FUTURE,ASK,3364.75,46
11:54:27,SP-FUTURE,ASK,2902.25,196
11:54:29,ESX-FUTURE,ASK,3364.75,509
11:54:29,SP-FUTURE,ASK,2902.5,57
11:54:29,ESX-FUTURE,BID,3364.5,1020
11:54:29,SP-FUTURE,ASK,2902.25,646
11:54:29,ESX-FUTURE,ASK,3365.25,1117
11:54:30,ESX-FUTURE,ASK,3365.25,1258
11:54:30,ESX-FUTURE,BID,3365.0,736
11:54:31,SP-FUTURE,BID,2902.25,1512
11:54:31,SP-FUTURE,BID,2902.25,514
11:54:32,ESX-FUTURE,ASK,3362.25,1648
11:54:32,SP-FUTURE,BID,2904.0,16
11:54:32,SP-FUTURE,BID,2904.0,24
11:54:33,ESX-FUTURE,BID,3362.0,1034
11:54:33,SP-FUTURE,ASK,2903.5,50
11:54:34,ESX-FUTURE,ASK,3362.25,1469
11:54:34,SP-FUTURE,ASK,2904.75,193
11:54:35,ESX-FUTURE,ASK,3362.5,316
11:54:36,SP-FUTURE,BID,2904.5,748
11:54:37,ESX-FUTURE,ASK,3362.0,2185
11:54:37,SP-FUTURE,BID,2906.5,131
11:54:38,SP-FUTURE,BID,2906.5,137
11:54:38,ESX-FUTURE,BID,3361.5,1119
11:54:39,SP-FUTURE,BID,2906.25,200
11:54:39,ESX-FUTURE,BID,3361.5,257
11:54:39,SP-FUTURE,ASK,2906.25,152
11:54:40,SP-FUTURE,ASK,2906.25,192
11:54:40,ESX-FUTURE,ASK,3362.0,2690
11:54:41,ESX-FUTURE,ASK,3362.0,481
11:54:41,SP-FUTURE,ASK,2907.75,358
11:54:42,SP-FUTURE,BID,2907.5,274
11:54:42,ESX-FUTURE,BID,3361.5,2970
11:54:43,ESX-FUTURE,BID,3361.5,680
11:54:43,ESX-FUTURE,ASK,3361.75,31
11:54:43,ESX-FUTURE,BID,3361.5,928
11:54:43,SP-FUTURE,ASK,2903.75,270
11:54:44,ESX-FUTURE,ASK,3362.0,913
11:54:44,SP-FUTURE,ASK,2904.5,915
11:54:45,ESX-FUTURE,BID,3363.0,40
11:54:45,SP-FUTURE,ASK,2904.5,776
11:54:46,ESX-FUTURE,BID,3363.5,715
11:54:47,SP-FUTURE,BID,2904.0,279
11:54:47,SP-FUTURE,ASK,2904.25,136
11:54:47,ESX-FUTURE,ASK,3363.75,27
11:54:48,ESX-FUTURE,ASK,3363.75,491
11:54:48,ESX-FUTURE,BID,3363.5,335
11:54:49,SP-FUTURE,BID,2904.25,427
11:54:49,SP-FUTURE,ASK,2904.5,44
11:54:49,ESX-FUTURE,BID,3363.25,191
11:54:50,SP-FUTURE,BID,2904.25,5
11:54:50,ESX-FUTURE,ASK,3363.5,2337
11:54:51,ESX-FUTURE,ASK,3363.5,1318
11:54:52,SP-FUTURE,BID,2906.25,24
11:54:52,ESX-FUTURE,ASK,3363.5,1267
11:54:52,ESX-FUTURE,ASK,3363.5,483
11:54:53,SP-FUTURE,ASK,2906.75,582
11:54:53,ESX-FUTURE,ASK,3364.0,1675
11:54:54,SP-FUTURE,ASK,2907.25,359
11:54:54,ESX-FUTURE,BID,3364.0,393
11:54:55,ESX-FUTURE,BID,3364.0,593
11:54:55,SP-FUTURE,BID,2906.5,103
11:54:55,ESX-FUTURE,ASK,3364.25,1603
11:54:56,ESX-FUTURE,BID,3364.0,143
11:54:56,SP-FUTURE,ASK,2907.25,189
11:54:57,SP-FUTURE,ASK,2907.25,210
11:54:57,ESX-FUTURE,BID,3364.0,2204
11:54:57,SP-FUTURE,BID,2906.5,412
11:54:58,SP-FUTURE,ASK,2906.75,614
11:54:58,SP-FUTURE,ASK,2906.75,200
11:54:58,ESX-FUTURE,ASK,3365.0,125
11:54:59,SP-FUTURE,BID,2906.5,103
11:55:00,ESX-FUTURE,BID,3364.75,892
11:55:01,ESX-FUTURE,ASK,3365.0,1133
11:55:01,SP-FUTURE,BID,2906.5,1149
11:55:01,ESX-FUTURE,BID,3364.0,1930
11:55:01,SP-FUTURE,ASK,2905.0,1172
11:55:02,SP-FUTURE,BID,2904.75,43
11:55:02,ESX-FUTURE,BID,3365.5,981
11:55:03,SP-FUTURE,BID,2904.25,902
11:55:03,ESX-FUTURE,BID,3364.75,925
11:55:04,ESX-FUTURE,ASK,3365.0,159
11:55:04,SP-FUTURE,ASK,2904.5,59
11:55:06,SP-FUTURE,BID,2904.25,706
11:55:06,ESX-FUTURE,ASK,3364.5,209
11:55:06,SP-FUTURE,BID,2904.25,84
11:55:07,ESX-FUTURE,ASK,3364.5,152
11:55:07,SP-FUTURE,BID,2904.5,172
11:55:08,SP-FUTURE,ASK,2904.75,114
11:55:09,ESX-FUTURE,BID,3364.25,534
11:55:10,ESX-FUTURE,ASK,3364.5,980
11:55:10,SP-FUTURE,ASK,2905.0,151
11:55:11,ESX-FUTURE,BID,3364.25,1345
11:55:12,ESX-FUTURE,ASK,3364.5,1686
11:55:12,SP-FUTURE,BID,2905.25,823
11:55:12,SP-FUTURE,ASK,2905.5,31
11:55:13,ESX-FUTURE,BID,3364.0,830
11:55:14,ESX-FUTURE,BID,3364.0,665
11:55:14,SP-FUTURE,ASK,2905.0,213
11:55:15,SP-FUTURE,BID,2904.75,50
11:55:15,ESX-FUTURE,BID,3364.0,1314
11:55:15,ESX-FUTURE,BID,3364.0,355
11:55:16,ESX-FUTURE,ASK,3364.25,960
11:55:16,SP-FUTURE,ASK,2904.5,56
11:55:17,SP-FUTURE,ASK,2904.5,773
11:55:18,ESX-FUTURE,ASK,3365.25,296
11:55:18,SP-FUTURE,ASK,2904.5,152
11:55:19,ESX-FUTURE,BID,3365.0,568
11:55:20,SP-FUTURE,ASK,2904.25,263
11:55:20,SP-FUTURE,BID,2904.0,131
11:55:20,ESX-FUTURE,ASK,3365.25,932
11:55:21,SP-FUTURE,ASK,2905.0,389
11:55:21,SP-FUTURE,ASK,2905.0,674
11:55:21,ESX-FUTURE,BID,3365.25,345
11:55:22,ESX-FUTURE,BID,3365.25,153
11:55:22,ESX-FUTURE,BID,3365.25,1027
11:55:22,SP-FUTURE,BID,2904.25,86
11:55:22,ESX-FUTURE,BID,3365.25,1149
11:55:24,ESX-FUTURE,BID,3365.25,646
11:55:24,SP-FUTURE,BID,2903.5,126
11:55:25,SP-FUTURE,ASK,2903.75,431
11:55:25,ESX-FUTURE,BID,3365.5,130
11:55:25,SP-FUTURE,BID,2903.5,116
11:55:26,SP-FUTURE,BID,2903.5,586
11:55:26,ESX-FUTURE,ASK,3365.0,807
11:55:26,SP-FUTURE,BID,2903.75,717
11:55:27,SP-FUTURE,ASK,2904.0,48
11:55:27,ESX-FUTURE,ASK,3364.5,667
11:55:28,SP-FUTURE,BID,2904.0,109
11:55:29,SP-FUTURE,BID,2904.0,198
11:55:29,ESX-FUTURE,ASK,3364.25,238
11:55:30,ESX-FUTURE,ASK,3364.25,569
11:55:30,ESX-FUTURE,BID,3364.0,165
11:55:30,ESX-FUTURE,BID,3364.0,294
11:55:31,SP-FUTURE,BID,2904.0,450
11:55:31,ESX-FUTURE,ASK,3364.25,2343
11:55:32,ESX-FUTURE,ASK,3364.25,1153
11:55:33,SP-FUTURE,BID,2907.0,198
11:55:33,SP-FUTURE,BID,2907.0,29
11:55:33,ESX-FUTURE,BID,3364.0,350
11:55:34,SP-FUTURE,ASK,2907.25,373
11:55:34,ESX-FUTURE,ASK,3364.5,1130
11:55:36,SP-FUTURE,ASK,2907.5,249
11:55:36,ESX-FUTURE,BID,3364.25,3346
11:55:36,SP-FUTURE,BID,2903.0,332
11:55:36,SP-FUTURE,ASK,2903.25,861
11:55:36,ESX-FUTURE,ASK,3365.25,503
11:55:37,SP-FUTURE,BID,2903.0,376
11:55:37,ESX-FUTURE,BID,3364.5,16
11:55:37,SP-FUTURE,BID,2903.0,146
11:55:38,SP-FUTURE,BID,2903.0,203
11:55:38,ESX-FUTURE,ASK,3364.75,1287
11:55:39,ESX-FUTURE,BID,3364.5,180
11:55:40,SP-FUTURE,ASK,2903.5,352
11:55:40,SP-FUTURE,BID,2903.25,14
11:55:41,ESX-FUTURE,ASK,3364.75,17
11:55:41,SP-FUTURE,ASK,2903.5,539
11:55:42,ESX-FUTURE,ASK,3365.25,387
11:55:42,SP-FUTURE,ASK,2903.75,699
11:55:43,SP-FUTURE,BID,2903.5,101
11:55:43,ESX-FUTURE,ASK,3365.5,1520
11:55:45,SP-FUTURE,ASK,2904.5,416
11:55:45,ESX-FUTURE,BID,3365.5,59
11:55:45,ESX-FUTURE,BID,3365.5,124
11:55:46,SP-FUTURE,BID,2904.25,38
11:55:46,ESX-FUTURE,ASK,3365.75,231
11:55:47,ESX-FUTURE,BID,3365.5,110
11:55:47,SP-FUTURE,ASK,2904.5,483
11:55:48,SP-FUTURE,ASK,2904.5,502
11:55:48,ESX-FUTURE,ASK,3365.75,600
11:55:49,ESX-FUTURE,BID,3365.5,442
11:55:49,SP-FUTURE,BID,2904.25,144
11:55:50,ESX-FUTURE,ASK,3365.75,1655
11:55:50,SP-FUTURE,ASK,2906.0,141
11:55:51,SP-FUTURE,ASK,2906.0,57
11:55:51,ESX-FUTURE,BID,3365.5,866
11:55:52,SP-FUTURE,BID,2905.75,249
11:55:52,ESX-FUTURE,BID,3365.5,238
11:55:53,SP-FUTURE,BID,2905.75,229
11:55:53,ESX-FUTURE,BID,3365.5,127
11:55:54,ESX-FUTURE,ASK,3365.75,1357
11:55:55,SP-FUTURE,ASK,2906.25,990
11:55:55,ESX-FUTURE,BID,3365.75,51
11:55:55,SP-FUTURE,BID,2906.0,26
11:55:57,ESX-FUTURE,ASK,3366.0,140
11:55:57,SP-FUTURE,ASK,2906.25,509
11:55:58,SP-FUTURE,ASK,2906.25,403
11:55:58,ESX-FUTURE,ASK,3366.5,824
11:55:59,SP-FUTURE,BID,2906.0,1099
11:56:00,ESX-FUTURE,BID,3365.25,9
11:56:00,SP-FUTURE,ASK,2906.25,82
11:56:01,ESX-FUTURE,ASK,3365.5,1142
11:56:01,SP-FUTURE,BID,2906.5,719
11:56:02,SP-FUTURE,BID,2906.5,454
11:56:02,ESX-FUTURE,BID,3365.25,430
11:56:03,ESX-FUTURE,BID,3365.25,333
11:56:04,SP-FUTURE,ASK,2906.5,394
11:56:05,ESX-FUTURE,ASK,3365.75,843
11:56:05,SP-FUTURE,BID,2906.75,276
11:56:06,SP-FUTURE,ASK,2907.0,493
11:56:06,ESX-FUTURE,ASK,3365.75,898
11:56:07,ESX-FUTURE,ASK,3365.75,1358
11:56:07,SP-FUTURE,BID,2907.25,313
11:56:09,ESX-FUTURE,ASK,3365.75,218
11:56:09,SP-FUTURE,BID,2907.25,1330
11:56:10,ESX-FUTURE,BID,3363.0,33
11:56:11,SP-FUTURE,BID,2907.25,657
11:56:11,ESX-FUTURE,ASK,3363.0,646
11:56:11,SP-FUTURE,ASK,2907.75,854
11:56:12,SP-FUTURE,ASK,2907.75,356
11:56:12,ESX-FUTURE,BID,3364.25,42
11:56:13,SP-FUTURE,ASK,2907.75,260
11:56:13,ESX-FUTURE,BID,3364.25,956
11:56:13,SP-FUTURE,BID,2907.0,165
11:56:14,ESX-FUTURE,ASK,3364.5,401
11:56:14,SP-FUTURE,ASK,2907.25,32
11:56:15,SP-FUTURE,ASK,2907.25,527
11:56:15,ESX-FUTURE,BID,3364.75,1858
11:56:15,SP-FUTURE,ASK,2906.0,63
11:56:16,ESX-FUTURE,ASK,3365.0,53
11:56:16,SP-FUTURE,ASK,2906.0,39
11:56:17,SP-FUTURE,ASK,2906.0,31
11:56:17,ESX-FUTURE,ASK,3365.0,127
11:56:18,SP-FUTURE,BID,2905.75,671
11:56:18,ESX-FUTURE,ASK,3365.0,2150
11:56:19,ESX-FUTURE,ASK,3365.0,1001
11:56:19,SP-FUTURE,BID,2907.25,37
11:56:20,ESX-FUTURE,ASK,3365.0,1092
11:56:20,SP-FUTURE,ASK,2907.75,1280
11:56:21,SP-FUTURE,BID,2907.5,82
11:56:21,SP-FUTURE,ASK,2907.75,1221
11:56:22,ESX-FUTURE,ASK,3366.25,2695
11:56:22,SP-FUTURE,BID,2910.5,330
11:56:23,ESX-FUTURE,ASK,3366.0,98
11:56:24,SP-FUTURE,BID,2910.5,467
11:56:24,ESX-FUTURE,BID,3365.75,549
11:56:25,SP-FUTURE,BID,2910.5,49
11:56:25,SP-FUTURE,BID,2910.5,30
11:56:26,ESX-FUTURE,BID,3365.75,198
11:56:26,SP-FUTURE,BID,2910.25,548
11:56:26,ESX-FUTURE,ASK,3366.0,1503
11:56:27,ESX-FUTURE,BID,3365.75,78
11:56:28,SP-FUTURE,BID,2910.5,553
11:56:28,SP-FUTURE,ASK,2910.75,72
11:56:29,ESX-FUTURE,ASK,3365.75,1293
11:56:29,SP-FUTURE,BID,2910.75,174
11:56:29,ESX-FUTURE,ASK,3365.5,185
11:56:30,SP-FUTURE,ASK,2911.0,219
11:56:30,ESX-FUTURE,BID,3365.25,252
11:56:31,SP-FUTURE,BID,2910.75,14
11:56:31,ESX-FUTURE,ASK,3365.5,258
11:56:32,SP-FUTURE,ASK,2911.0,606
11:56:32,SP-FUTURE,ASK,2911.0,241
11:56:33,ESX-FUTURE,ASK,3366.5,108
11:56:34,SP-FUTURE,ASK,2911.0,72
11:56:34,ESX-FUTURE,ASK,3366.5,1518
11:56:34,SP-FUTURE,BID,2912.0,311
11:56:35,SP-FUTURE,BID,2912.0,252
11:56:35,ESX-FUTURE,ASK,3366.25,2427
11:56:36,ESX-FUTURE,ASK,3366.25,1406
11:56:36,SP-FUTURE,BID,2912.5,478
11:56:37,ESX-FUTURE,ASK,3365.75,81
11:56:37,SP-FUTURE,BID,2912.75,134
11:56:37,ESX-FUTURE,BID,3365.5,1552
11:56:38,SP-FUTURE,ASK,2911.75,457
11:56:38,ESX-FUTURE,ASK,3366.0,660
11:56:39,ESX-FUTURE,ASK,3366.0,454
11:56:39,ESX-FUTURE,ASK,3366.0,1568
11:56:40,ESX-FUTURE,ASK,3366.0,2050
11:56:40,SP-FUTURE,BID,2914.5,41
11:56:40,ESX-FUTURE,BID,3365.75,57
11:56:41,SP-FUTURE,BID,2914.5,1
11:56:41,ESX-FUTURE,BID,3365.75,288
11:56:42,ESX-FUTURE,ASK,3366.0,195
11:56:42,SP-FUTURE,BID,2914.25,330
11:56:43,ESX-FUTURE,BID,3365.5,2478
11:56:43,ESX-FUTURE,BID,3365.5,1548
11:56:44,SP-FUTURE,ASK,2913.75,26
11:56:44,ESX-FUTURE,ASK,3365.75,173
11:56:45,SP-FUTURE,BID,2913.5,245
11:56:45,ESX-FUTURE,BID,3365.5,120
11:56:45,SP-FUTURE,BID,2913.5,25
11:56:46,SP-FUTURE,ASK,2913.75,206
11:56:47,SP-FUTURE,ASK,2913.75,67
11:56:47,ESX-FUTURE,ASK,3366.0,1134
11:56:47,SP-FUTURE,BID,2913.75,207
11:56:48,ESX-FUTURE,BID,3365.75,208
11:56:48,SP-FUTURE,BID,2913.75,198
11:56:49,ESX-FUTURE,ASK,3365.75,123
11:56:49,ESX-FUTURE,ASK,3365.75,5
11:56:50,SP-FUTURE,BID,2913.75,1147
11:56:50,ESX-FUTURE,BID,3363.75,238
11:56:51,ESX-FUTURE,BID,3363.75,107
11:56:52,ESX-FUTURE,ASK,3364.0,1961
11:56:52,SP-FUTURE,BID,2914.0,749
11:56:53,SP-FUTURE,BID,2914.0,792
11:56:53,SP-FUTURE,ASK,2914.25,280
11:56:53,ESX-FUTURE,ASK,3363.0,131
11:56:54,SP-FUTURE,ASK,2914.25,165
11:56:55,ESX-FUTURE,BID,3363.0,206
11:56:55,SP-FUTURE,BID,2914.0,517
11:56:55,ESX-FUTURE,BID,3362.5,2097
11:56:55,SP-FUTURE,ASK,2913.25,788
11:56:56,ESX-FUTURE,ASK,3363.75,211
11:56:57,ESX-FUTURE,ASK,3363.75,418
11:56:57,SP-FUTURE,ASK,2913.25,80
11:56:58,SP-FUTURE,BID,2913.0,861
11:56:58,ESX-FUTURE,BID,3363.25,496
11:56:59,ESX-FUTURE,ASK,3363.5,708
11:56:59,SP-FUTURE,ASK,2913.25,122
11:56:59,SP-FUTURE,ASK,2913.25,463
11:57:00,ESX-FUTURE,ASK,3363.75,276
11:57:01,SP-FUTURE,ASK,2913.25,265
11:57:02,ESX-FUTURE,BID,3363.5,644
11:57:02,SP-FUTURE,ASK,2913.25,457
11:57:03,ESX-FUTURE,BID,3363.75,631
11:57:03,ESX-FUTURE,BID,3363.75,216
11:57:04,SP-FUTURE,BID,2912.5,856
11:57:04,ESX-FUTURE,BID,3363.5,1101
11:57:04,SP-FUTURE,ASK,2912.75,503
11:57:05,ESX-FUTURE,ASK,3364.0,6
11:57:06,ESX-FUTURE,BID,3363.75,809
11:57:06,SP-FUTURE,BID,2912.5,486
11:57:07,ESX-FUTURE,ASK,3363.5,157
11:57:07,SP-FUTURE,ASK,2912.75,435
11:57:08,SP-FUTURE,ASK,2912.75,784
11:57:08,ESX-FUTURE,BID,3364.75,359
11:57:09,ESX-FUTURE,BID,3364.75,104
11:57:09,SP-FUTURE,BID,2912.25,617
11:57:10,SP-FUTURE,ASK,2912.5,43
11:57:11,ESX-FUTURE,BID,3364.5,260
11:57:11,ESX-FUTURE,ASK,3364.75,390
11:57:12,ESX-FUTURE,BID,3364.5,159
11:57:12,SP-FUTURE,BID,2912.25,353
11:57:13,ESX-FUTURE,BID,3364.25,84
11:57:13,SP-FUTURE,BID,2912.25,132
11:57:14,SP-FUTURE,ASK,2912.5,12
11:57:14,ESX-FUTURE,BID,3364.0,1675
11:57:15,SP-FUTURE,BID,2911.75,257
11:57:16,ESX-FUTURE,ASK,3364.25,529
11:57:16,ESX-FUTURE,BID,3364.0,993
11:57:17,SP-FUTURE,BID,2912.0,2
11:57:18,ESX-FUTURE,ASK,3364.25,748
11:57:18,SP-FUTURE,BID,2912.25,462
11:57:19,SP-FUTURE,ASK,2912.5,20
11:57:19,ESX-FUTURE,BID,3364.0,1064
11:57:20,ESX-FUTURE,BID,3364.0,22
11:57:20,SP-FUTURE,ASK,2912.25,43
11:57:21,ESX-FUTURE,ASK,3364.25,70
11:57:22,ESX-FUTURE,ASK,3364.25,803
11:57:22,ESX-FUTURE,ASK,3364.25,1338
11:57:22,SP-FUTURE,BID,2913.5,186
11:57:23,SP-FUTURE,ASK,2913.75,331
11:57:23,ESX-FUTURE,BID,3364.0,781
11:57:23,SP-FUTURE,BID,2913.25,439
11:57:24,ESX-FUTURE,ASK,3363.75,234
11:57:24,SP-FUTURE,ASK,2913.5,178
11:57:24,ESX-FUTURE,BID,3363.75,415
11:57:25,SP-FUTURE,BID,2913.0,238
11:57:25,ESX-FUTURE,ASK,3364.0,2721
11:57:26,SP-FUTURE,BID,2915.75,118
11:57:27,SP-FUTURE,BID,2915.75,13
11:57:27,ESX-FUTURE,ASK,3364.0,3026
11:57:27,SP-FUTURE,BID,2919.5,139
11:57:28,ESX-FUTURE,BID,3363.75,5
11:57:28,SP-FUTURE,BID,2919.5,592
11:57:29,ESX-FUTURE,BID,3363.5,600
11:57:30,SP-FUTURE,ASK,2919.75,259
11:57:30,ESX-FUTURE,ASK,3364.0,972
11:57:30,ESX-FUTURE,ASK,3364.0,931
11:57:31,SP-FUTURE,BID,2920.0,140
11:57:31,ESX-FUTURE,BID,3363.75,95
11:57:32,SP-FUTURE,BID,2920.0,73
11:57:33,ESX-FUTURE,ASK,3364.0,1802
11:57:33,SP-FUTURE,BID,2921.0,111
11:57:33,SP-FUTURE,ASK,2921.25,644
11:57:34,ESX-FUTURE,BID,3364.0,1831
11:57:34,SP-FUTURE,BID,2919.25,45
11:57:35,ESX-FUTURE,BID,3364.0,1287
11:57:36,SP-FUTURE,ASK,2918.5,35
11:57:36,ESX-FUTURE,ASK,3364.25,482
11:57:36,SP-FUTURE,BID,2918.5,36
11:57:37,ESX-FUTURE,ASK,3364.25,922
11:57:38,SP-FUTURE,BID,2918.75,816
11:57:38,ESX-FUTURE,BID,3363.5,168
11:57:38,ESX-FUTURE,BID,3363.5,620
11:57:39,ESX-FUTURE,ASK,3363.75,652
11:57:39,SP-FUTURE,ASK,2919.0,704
11:57:40,SP-FUTURE,BID,2918.75,667
11:57:41,SP-FUTURE,ASK,2919.0,503
11:57:41,ESX-FUTURE,ASK,3364.5,1292
11:57:42,SP-FUTURE,ASK,2919.5,124
11:57:42,ESX-FUTURE,BID,3364.25,656
11:57:43,ESX-FUTURE,ASK,3364.5,247
11:57:43,ESX-FUTURE,BID,3364.25,1331
11:57:44,SP-FUTURE,ASK,2918.75,225
11:57:45,ESX-FUTURE,ASK,3364.5,401
11:57:45,SP-FUTURE,ASK,2918.75,11
11:57:45,ESX-FUTURE,ASK,3364.5,130
11:57:45,SP-FUTURE,ASK,2918.75,12
11:57:46,ESX-FUTURE,ASK,3364.5,337
11:57:46,ESX-FUTURE,ASK,3364.5,371
11:57:47,SP-FUTURE,ASK,2919.0,101
11:57:47,ESX-FUTURE,BID,3364.25,750
11:57:48,ESX-FUTURE,BID,3364.25,1008
11:57:49,SP-FUTURE,ASK,2918.75,245
11:57:50,ESX-FUTURE,ASK,3364.75,371
11:57:50,SP-FUTURE,BID,2918.5,61
11:57:51,ESX-FUTURE,ASK,3364.75,260
11:57:52,SP-FUTURE,ASK,2919.0,1051
11:57:53,SP-FUTURE,BID,2918.75,63
11:57:53,SP-FUTURE,ASK,2919.0,7
11:57:54,ESX-FUTURE,BID,3365.5,6
11:57:54,SP-FUTURE,BID,2918.75,224
11:57:54,ESX-FUTURE,BID,3365.25,302
11:57:55,ESX-FUTURE,ASK,3365.5,838
11:57:55,SP-FUTURE,ASK,2919.25,111
11:57:55,ESX-FUTURE,ASK,3365.5,770
11:57:55,SP-FUTURE,ASK,2919.5,20
11:57:57,ESX-FUTURE,BID,3365.25,1164
11:57:57,SP-FUTURE,BID,2918.5,140
11:57:58,ESX-FUTURE,ASK,3365.5,1934
11:57:58,SP-FUTURE,ASK,2919.0,198
11:57:59,ESX-FUTURE,ASK,3365.5,431
11:58:00,SP-FUTURE,ASK,2919.25,421
11:58:00,SP-FUTURE,BID,2919.0,98
11:58:00,ESX-FUTURE,ASK,3365.75,414
11:58:01,SP-FUTURE,BID,2919.25,72
11:58:01,SP-FUTURE,ASK,2919.5,172
11:58:01,ESX-FUTURE,ASK,3365.75,1141
11:58:02,ESX-FUTURE,BID,3365.5,44
11:58:02,ESX-FUTURE,BID,3365.5,2332
11:58:02,SP-FUTURE,BID,2917.5,258
11:58:03,ESX-FUTURE,ASK,3365.75,1551
11:58:04,ESX-FUTURE,BID,3365.5,60
11:58:04,SP-FUTURE,ASK,2917.75,196
11:58:05,ESX-FUTURE,BID,3365.5,870
11:58:06,SP-FUTURE,ASK,2917.5,513
11:58:06,SP-FUTURE,ASK,2917.5,311
11:58:07,ESX-FUTURE,BID,3366.25,217
11:58:07,SP-FUTURE,ASK,2917.5,237
11:58:08,SP-FUTURE,BID,2917.25,231
11:58:08,SP-FUTURE,ASK,2917.5,524
11:58:08,ESX-FUTURE,ASK,3366.75,497
11:58:09,SP-FUTURE,ASK,2917.5,210
11:58:10,ESX-FUTURE,BID,3366.5,973
11:58:10,SP-FUTURE,ASK,2917.0,501
11:58:11,ESX-FUTURE,BID,3366.5,1335
11:58:12,ESX-FUTURE,BID,3366.5,1357
11:58:12,SP-FUTURE,BID,2915.75,105
11:58:13,ESX-FUTURE,BID,3366.5,158
11:58:13,SP-FUTURE,ASK,2916.0,491
11:58:14,ESX-FUTURE,ASK,3367.25,13
11:58:14,SP-FUTURE,ASK,2916.0,214
11:58:15,SP-FUTURE,ASK,2916.0,176
11:58:15,ESX-FUTURE,BID,3367.25,548
11:58:16,SP-FUTURE,BID,2915.5,544
11:58:17,ESX-FUTURE,ASK,3367.5,1417
11:58:17,SP-FUTURE,ASK,2916.75,464
11:58:17,ESX-FUTURE,ASK,3368.0,254
11:58:17,SP-FUTURE,ASK,2916.75,93
11:58:18,ESX-FUTURE,ASK,3368.0,16
11:58:19,SP-FUTURE,ASK,2916.75,48
11:58:20,ESX-FUTURE,ASK,3368.0,254
11:58:20,SP-FUTURE,BID,2916.75,156
11:58:20,ESX-FUTURE,BID,3367.75,388
11:58:21,SP-FUTURE,ASK,2916.75,98
11:58:22,SP-FUTURE,BID,2916.5,855
11:58:22,SP-FUTURE,ASK,2916.75,4
11:58:22,ESX-FUTURE,ASK,3367.0,254
11:58:23,ESX-FUTURE,BID,3366.75,467
11:58:23,SP-FUTURE,ASK,2916.75,35
11:58:24,SP-FUTURE,BID,2916.5,662
11:58:24,ESX-FUTURE,BID,3366.25,74
11:58:25,ESX-FUTURE,ASK,3366.5,1313
11:58:25,SP-FUTURE,ASK,2916.75,113
11:58:25,ESX-FUTURE,BID,3366.25,236
11:58:26,ESX-FUTURE,BID,3366.25,154
11:58:26,SP-FUTURE,BID,2916.5,17
11:58:27,ESX-FUTURE,BID,3366.25,863
11:58:27,SP-FUTURE,ASK,2916.25,266
11:58:28,ESX-FUTURE,BID,3366.25,1262
11:58:29,SP-FUTURE,BID,2915.0,21
11:58:29,ESX-FUTURE,ASK,3366.5,1598
11:58:30,ESX-FUTURE,BID,3366.25,774
11:58:30,SP-FUTURE,BID,2915.5,134
11:58:31,ESX-FUTURE,BID,3366.25,52
11:58:31,SP-FUTURE,BID,2915.5,26
11:58:31,ESX-FUTURE,BID,3366.25,7
11:58:31,ESX-FUTURE,ASK,3366.5,3451
11:58:31,ESX-FUTURE,ASK,3366.5,3431
11:58:32,SP-FUTURE,BID,2922.25,140
11:58:33,ESX-FUTURE,BID,3366.0,130
11:58:34,SP-FUTURE,ASK,2922.5,470
11:58:34,ESX-FUTURE,BID,3366.25,353
11:58:35,SP-FUTURE,ASK,2922.25,82
11:58:35,SP-FUTURE,ASK,2922.25,19
11:58:36,ESX-FUTURE,ASK,3366.5,371
11:58:36,SP-FUTURE,ASK,2922.5,934
11:58:36,SP-FUTURE,ASK,2922.5,934
11:58:37,ESX-FUTURE,BID,3369.25,205
11:58:37,SP-FUTURE,BID,2922.25,25
11:58:37,ESX-FUTURE,ASK,3369.5,2419
11:58:38,ESX-FUTURE,ASK,3369.5,2415
11:58:39,ESX-FUTURE,ASK,3369.5,111
11:58:39,SP-FUTURE,BID,2924.5,129
11:58:40,SP-FUTURE,ASK,2924.75,215
11:58:41,ESX-FUTURE,BID,3369.25,260
11:58:41,SP-FUTURE,ASK,2924.5,4
11:58:42,SP-FUTURE,BID,2924.25,523
11:58:43,ESX-FUTURE,BID,3369.25,46
11:58:43,SP-FUTURE,ASK,2924.5,7
11:58:43,ESX-FUTURE,ASK,3369.5,1007
11:58:44,SP-FUTURE,ASK,2924.75,364
11:58:44,ESX-FUTURE,ASK,3369.75,792
11:58:45,SP-FUTURE,ASK,2924.75,96
11:58:46,ESX-FUTURE,BID,3369.5,513
11:58:47,SP-FUTURE,BID,2924.25,737
11:58:47,SP-FUTURE,BID,2924.25,355
11:58:48,ESX-FUTURE,ASK,3369.25,1302
11:58:49,SP-FUTURE,ASK,2925.75,1024
11:58:49,ESX-FUTURE,BID,3369.5,355
11:58:49,ESX-FUTURE,BID,3369.5,349
11:58:49,SP-FUTURE,ASK,2925.5,812
11:58:49,ESX-FUTURE,ASK,3371.0,723
11:58:50,SP-FUTURE,ASK,2925.5,70
11:58:50,ESX-FUTURE,BID,3370.75,237
11:58:51,ESX-FUTURE,BID,3370.75,103
11:58:51,SP-FUTURE,ASK,2925.5,872
11:58:53,SP-FUTURE,ASK,2925.5,461
11:58:53,ESX-FUTURE,ASK,3371.75,1044
11:58:54,SP-FUTURE,ASK,2925.75,500
11:58:55,ESX-FUTURE,ASK,3372.0,290
11:58:55,SP-FUTURE,BID,2925.5,589
11:58:56,SP-FUTURE,ASK,2925.75,92
11:58:56,ESX-FUTURE,BID,3371.75,70
11:58:57,SP-FUTURE,ASK,2925.75,325
11:58:58,ESX-FUTURE,ASK,3372.25,662
11:58:59,ESX-FUTURE,BID,3372.0,492
11:58:59,SP-FUTURE,ASK,2925.75,208
11:59:00,ESX-FUTURE,BID,3372.0,651
11:59:01,SP-FUTURE,ASK,2925.75,24
11:59:01,SP-FUTURE,BID,2925.5,98
11:59:01,ESX-FUTURE,BID,3372.0,983
11:59:02,ESX-FUTURE,ASK,3372.25,289
11:59:03,SP-FUTURE,BID,2925.5,27
11:59:03,SP-FUTURE,BID,2925.5,212
11:59:04,ESX-FUTURE,BID,3372.0,547
11:59:05,SP-FUTURE,BID,2925.25,64
11:59:05,SP-FUTURE,BID,2925.25,59
11:59:05,ESX-FUTURE,ASK,3372.25,1969
11:59:06,SP-FUTURE,ASK,2925.5,273
11:59:06,ESX-FUTURE,BID,3372.0,134
11:59:08,ESX-FUTURE,BID,3372.0,196
11:59:08,SP-FUTURE,BID,2925.0,712
11:59:08,ESX-FUTURE,BID,3371.5,139
11:59:09,ESX-FUTURE,BID,3371.5,844
11:59:09,SP-FUTURE,ASK,2924.75,277
11:59:09,SP-FUTURE,ASK,2924.75,610
11:59:09,SP-FUTURE,ASK,2924.75,589
11:59:10,SP-FUTURE,ASK,2924.75,350
11:59:10,SP-FUTURE,BID,2924.5,356
11:59:11,ESX-FUTURE,BID,3372.25,3339
11:59:11,SP-FUTURE,ASK,2920.25,16
11:59:12,ESX-FUTURE,BID,3372.25,2752
11:59:12,SP-FUTURE,ASK,2920.0,797
11:59:13,ESX-FUTURE,BID,3373.0,210
11:59:14,SP-FUTURE,ASK,2920.0,181
11:59:14,ESX-FUTURE,BID,3373.0,1165
11:59:15,ESX-FUTURE,ASK,3373.25,192
11:59:15,SP-FUTURE,BID,2919.75,5
11:59:16,ESX-FUTURE,ASK,3373.25,44
11:59:17,SP-FUTURE,ASK,2920.0,229
11:59:17,SP-FUTURE,ASK,2920.0,176
11:59:18,ESX-FUTURE,BID,3373.0,1972
11:59:18,SP-FUTURE,ASK,2919.75,259
11:59:19,ESX-FUTURE,BID,3373.25,671
11:59:19,SP-FUTURE,ASK,2919.5,26
11:59:20,ESX-FUTURE,BID,3373.25,235
11:59:20,SP-FUTURE,BID,2919.25,245
11:59:21,ESX-FUTURE,BID,3373.0,204
11:59:21,SP-FUTURE,BID,2919.25,103
11:59:21,ESX-FUTURE,ASK,3373.25,412
11:59:21,SP-FUTURE,BID,2919.25,1300
11:59:22,SP-FUTURE,BID,2919.25,578
11:59:23,ESX-FUTURE,BID,3370.5,1542
11:59:24,ESX-FUTURE,BID,3370.5,244
11:59:24,SP-FUTURE,BID,2918.25,941
11:59:24,SP-FUTURE,BID,2918.25,165
11:59:24,SP-FUTURE,ASK,2918.5,19
11:59:25,SP-FUTURE,BID,2918.25,1250
11:59:26,ESX-FUTURE,BID,3369.0,639
11:59:26,SP-FUTURE,BID,2918.25,128
11:59:28,ESX-FUTURE,BID,3369.0,515
11:59:28,SP-FUTURE,ASK,2918.5,1170
11:59:28,SP-FUTURE,BID,2918.25,25
11:59:29,ESX-FUTURE,BID,3369.5,190
11:59:29,SP-FUTURE,BID,2918.0,257
11:59:30,ESX-FUTURE,BID,3369.5,211
11:59:30,ESX-FUTURE,ASK,3369.75,1139
11:59:30,SP-FUTURE,ASK,2918.5,498
11:59:31,SP-FUTURE,BID,2918.25,165
11:59:32,SP-FUTURE,BID,2918.25,28
11:59:32,ESX-FUTURE,BID,3369.5,108
11:59:33,SP-FUTURE,BID,2918.25,67
11:59:33,ESX-FUTURE,BID,3369.5,26
11:59:34,SP-FUTURE,ASK,2918.5,468
11:59:34,ESX-FUTURE,BID,3369.5,608
11:59:35,SP-FUTURE,ASK,2918.0,144
11:59:36,SP-FUTURE,ASK,2918.0,207
11:59:36,ESX-FUTURE,ASK,3369.75,54
11:59:36,SP-FUTURE,ASK,2918.0,39
11:59:37,SP-FUTURE,BID,2917.75,516
11:59:38,ESX-FUTURE,ASK,3369.75,1246
11:59:38,SP-FUTURE,BID,2917.75,12
11:59:39,SP-FUTURE,ASK,2918.0,12
11:59:39,ESX-FUTURE,BID,3369.5,78
11:59:39,SP-FUTURE,BID,2917.75,977
11:59:40,ESX-FUTURE,BID,3369.0,960
11:59:40,SP-FUTURE,BID,2917.5,1084
11:59:42,SP-FUTURE,ASK,2917.75,12
11:59:42,ESX-FUTURE,ASK,3369.0,1667
11:59:43,ESX-FUTURE,BID,3368.75,67
11:59:43,SP-FUTURE,ASK,2918.75,77
11:59:43,ESX-FUTURE,BID,3368.75,1405
11:59:43,SP-FUTURE,BID,2917.5,195
11:59:44,ESX-FUTURE,BID,3368.75,151
11:59:44,SP-FUTURE,BID,2917.5,671
11:59:44,ESX-FUTURE,ASK,3368.25,1547
11:59:44,SP-FUTURE,ASK,2918.5,402
11:59:45,SP-FUTURE,ASK,2918.5,1031
11:59:46,ESX-FUTURE,ASK,3369.0,802
11:59:47,ESX-FUTURE,ASK,3369.0,1409
11:59:47,ESX-FUTURE,ASK,3369.0,1867
11:59:47,SP-FUTURE,ASK,2918.75,41
11:59:48,ESX-FUTURE,ASK,3369.0,1564
11:59:49,SP-FUTURE,ASK,2919.0,85
11:59:49,SP-FUTURE,ASK,2919.0,171
11:59:49,SP-FUTURE,BID,2918.75,268
11:59:50,ESX-FUTURE,BID,3368.75,859
11:59:51,SP-FUTURE,BID,2918.5,148
11:59:51,ESX-FUTURE,ASK,3369.0,539
11:59:52,ESX-FUTURE,BID,3368.75,123
11:59:52,SP-FUTURE,ASK,2919.0,87
11:59:53,ESX-FUTURE,BID,3368.75,127
11:59:54,SP-FUTURE,ASK,2918.75,67
11:59:54,ESX-FUTURE,BID,3368.75,1546
11:59:55,SP-FUTURE,ASK,2917.75,899
11:59:55,ESX-FUTURE,ASK,3369.0,43
11:59:56,ESX-FUTURE,BID,3368.75,397
11:59:57,SP-FUTURE,ASK,2917.75,30
11:59:57,SP-FUTURE,BID,2917.5,55
11:59:58,ESX-FUTURE,ASK,3369.0,220
11:59:58,SP-FUTURE,ASK,2917.75,773
11:59:59,ESX-FUTURE,BID,3369.5,769
12:00:00,ESX-FUTURE,BID,3369.5,2846
12:00:01,SP-FUTURE,ASK,2914.25,10
12:00:01,SP-FUTURE,ASK,2914.25,443
12:00:01,ESX-FUTURE,BID,3369.75,121
12:00:02,ESX-FUTURE,BID,3369.75,4
12:00:02,SP-FUTURE,ASK,2914.0,15
12:00:02,ESX-FUTURE,BID,3369.75,218
12:00:03,ESX-FUTURE,ASK,3370.0,2424
12:00:03,SP-FUTURE,BID,2914.5,2
12:00:04,SP-FUTURE,BID,2914.5,293
12:00:04,ESX-FUTURE,BID,3369.5,371
12:00:05,SP-FUTURE,BID,2914.5,143
12:00:06,ESX-FUTURE,BID,3369.5,332
12:00:06,ESX-FUTURE,ASK,3369.75,1158
12:00:06,SP-FUTURE,BID,2915.5,22
12:00:07,ESX-FUTURE,ASK,3369.75,235
12:00:08,SP-FUTURE,ASK,2915.75,690
12:00:08,ESX-FUTURE,BID,3370.0,185
12:00:08,SP-FUTURE,BID,2915.5,17
12:00:09,ESX-FUTURE,ASK,3370.25,1450
12:00:09,SP-FUTURE,ASK,2916.0,89
12:00:10,ESX-FUTURE,ASK,3370.25,470
12:00:10,SP-FUTURE,BID,2916.0,248
12:00:11,SP-FUTURE,ASK,2916.25,883
12:00:11,ESX-FUTURE,BID,3370.75,51
12:00:12,ESX-FUTURE,BID,3370.75,69
12:00:12,SP-FUTURE,ASK,2916.25,431
12:00:13,ESX-FUTURE,BID,3370.75,658
12:00:14,SP-FUTURE,BID,2915.75,72
12:00:14,ESX-FUTURE,BID,3370.75,468
12:00:15,ESX-FUTURE,BID,3370.75,1279
12:00:16,SP-FUTURE,BID,2914.75,341
12:00:16,SP-FUTURE,ASK,2915.0,843
12:00:16,ESX-FUTURE,BID,3371.25,910
12:00:17,SP-FUTURE,BID,2914.5,641
12:00:18,ESX-FUTURE,ASK,3371.5,563
12:00:19,SP-FUTURE,BID,2914.75,974
12:00:20,ESX-FUTURE,BID,3370.0,1038
12:00:20,SP-FUTURE,BID,2914.5,16
12:00:21,ESX-FUTURE,BID,3370.0,1222
12:00:21,SP-FUTURE,BID,2913.75,291
12:00:22,ESX-FUTURE,BID,3370.0,168
12:00:23,SP-FUTURE,ASK,2914.0,250
12:00:23,ESX-FUTURE,BID,3370.0,685
12:00:23,SP-FUTURE,ASK,2913.75,126
12:00:24,SP-FUTURE,BID,2913.5,166
12:00:25,ESX-FUTURE,ASK,3370.25,422
12:00:25,SP-FUTURE,BID,2913.5,394
12:00:25,SP-FUTURE,ASK,2913.75,16
12:00:26,ESX-FUTURE,ASK,3370.25,784
12:00:27,SP-FUTURE,ASK,2914.25,423
12:00:27,ESX-FUTURE,ASK,3370.25,923
12:00:28,ESX-FUTURE,BID,3370.0,928
12:00:28,SP-FUTURE,ASK,2914.5,44
12:00:29,ESX-FUTURE,BID,3370.0,707
12:00:29,SP-FUTURE,ASK,2914.25,567
12:00:30,ESX-FUTURE,BID,3370.5,151
12:00:31,SP-FUTURE,BID,2914.0,64
12:00:31,SP-FUTURE,BID,2914.0,36
12:00:32,ESX-FUTURE,BID,3370.25,2368
12:00:32,SP-FUTURE,BID,2913.5,449
12:00:33,SP-FUTURE,BID,2913.5,69
12:00:33,ESX-FUTURE,BID,3370.0,148
12:00:34,SP-FUTURE,BID,2913.5,350
12:00:34,ESX-FUTURE,BID,3369.75,1520
12:00:34,SP-FUTURE,ASK,2913.25,68
12:00:35,SP-FUTURE,BID,2913.0,303
12:00:35,ESX-FUTURE,ASK,3370.0,279
12:00:36,SP-FUTURE,BID,2913.0,139
12:00:36,ESX-FUTURE,BID,3369.75,61
12:00:37,SP-FUTURE,ASK,2913.25,107
12:00:37,ESX-FUTURE,ASK,3370.0,575
12:00:38,SP-FUTURE,ASK,2913.25,6
12:00:39,SP-FUTURE,BID,2913.0,1052
12:00:39,ESX-FUTURE,BID,3369.5,156
12:00:40,SP-FUTURE,BID,2913.0,1017
12:00:41,ESX-FUTURE,ASK,3369.5,233
12:00:41,SP-FUTURE,BID,2913.25,1
12:00:41,SP-FUTURE,ASK,2913.5,1081
12:00:42,SP-FUTURE,BID,2913.25,5
12:00:42,ESX-FUTURE,BID,3369.25,51
12:00:43,SP-FUTURE,BID,2913.25,1
12:00:44,ESX-FUTURE,ASK,3369.5,263
12:00:44,SP-FUTURE,ASK,2913.5,277
12:00:45,ESX-FUTURE,ASK,3369.75,1189
12:00:45,ESX-FUTURE,ASK,3369.75,256
12:00:46,SP-FUTURE,BID,2913.5,213
12:00:46,ESX-FUTURE,ASK,3369.75,767
12:00:47,SP-FUTURE,ASK,2913.75,40
12:00:48,ESX-FUTURE,ASK,3369.75,771
12:00:48,SP-FUTURE,ASK,2913.75,118
12:00:48,ESX-FUTURE,ASK,3369.75,283
12:00:49,ESX-FUTURE,BID,3369.5,363
12:00:49,SP-FUTURE,BID,2913.5,266
12:00:50,ESX-FUTURE,ASK,3369.5,256
12:00:51,ESX-FUTURE,BID,3369.25,1327
12:00:51,SP-FUTURE,BID,2913.0,282
12:00:51,ESX-FUTURE,BID,3369.0,1401
12:00:52,ESX-FUTURE,ASK,3369.25,2
12:00:52,SP-FUTURE,BID,2912.25,320
12:00:53,SP-FUTURE,BID,2912.25,142
12:00:53,ESX-FUTURE,ASK,3369.25,865
12:00:54,SP-FUTURE,ASK,2912.75,494
12:00:54,ESX-FUTURE,ASK,3369.5,216
12:00:54,ESX-FUTURE,ASK,3369.5,47
12:00:55,SP-FUTURE,ASK,2912.75,64
12:00:55,ESX-FUTURE,ASK,3369.5,102
12:00:56,ESX-FUTURE,ASK,3369.5,442
12:00:56,SP-FUTURE,ASK,2913.0,37
12:00:58,SP-FUTURE,BID,2912.75,264
12:00:58,SP-FUTURE,BID,2912.75,424
12:00:59,ESX-FUTURE,ASK,3369.25,438
12:00:59,ESX-FUTURE,ASK,3369.25,49
12:01:00,SP-FUTURE,BID,2913.0,111
12:01:01,ESX-FUTURE,ASK,3369.25,474
12:01:02,ESX-FUTURE,BID,3369.0,179
12:01:02,SP-FUTURE,BID,2913.0,31
12:01:03,SP-FUTURE,BID,2913.0,121
12:01:03,ESX-FUTURE,BID,3369.0,8
12:01:04,SP-FUTURE,ASK,2913.25,1
12:01:04,ESX-FUTURE,ASK,3369.25,3463
12:01:05,SP-FUTURE,BID,2917.25,319
12:01:06,SP-FUTURE,ASK,2917.5,274
12:01:07,SP-FUTURE,ASK,2917.5,561
12:01:07,ESX-FUTURE,ASK,3369.0,118
12:01:08,ESX-FUTURE,ASK,3369.0,5
12:01:08,SP-FUTURE,ASK,2917.5,360
12:01:08,SP-FUTURE,BID,2917.25,289
12:01:09,ESX-FUTURE,BID,3368.75,640
12:01:10,SP-FUTURE,BID,2917.0,231
12:01:10,ESX-FUTURE,ASK,3369.0,273
12:01:11,SP-FUTURE,ASK,2917.25,25
12:01:11,ESX-FUTURE,ASK,3369.0,1335
12:01:11,ESX-FUTURE,ASK,3369.0,941
12:01:12,ESX-FUTURE,ASK,3369.0,83
12:01:12,SP-FUTURE,ASK,2918.75,725
12:01:13,SP-FUTURE,ASK,2918.75,1493
12:01:13,ESX-FUTURE,BID,3371.75,45
12:01:13,SP-FUTURE,ASK,2918.75,387
12:01:14,SP-FUTURE,ASK,2918.75,590
12:01:14,ESX-FUTURE,ASK,3372.0,153
12:01:15,SP-FUTURE,BID,2918.5,9
12:01:15,ESX-FUTURE,BID,3371.75,486
12:01:16,ESX-FUTURE,BID,3371.75,471
12:01:16,SP-FUTURE,ASK,2918.25,11
12:01:17,SP-FUTURE,ASK,2918.25,42
12:01:17,ESX-FUTURE,ASK,3372.0,7
12:01:18,SP-FUTURE,ASK,2918.25,42
12:01:18,ESX-FUTURE,ASK,3372.0,1092
12:01:19,SP-FUTURE,BID,2918.75,122
12:01:20,ESX-FUTURE,BID,3371.75,1891
12:01:21,ESX-FUTURE,BID,3371.75,50
12:01:21,SP-FUTURE,BID,2917.0,540
12:01:21,ESX-FUTURE,ASK,3371.5,1002
12:01:22,SP-FUTURE,ASK,2917.75,343
12:01:23,SP-FUTURE,BID,2917.5,18
12:01:23,SP-FUTURE,ASK,2917.75,518
12:01:23,ESX-FUTURE,BID,3371.5,486
12:01:25,ESX-FUTURE,BID,3371.5,305
12:01:25,SP-FUTURE,BID,2917.25,69
12:01:25,ESX-FUTURE,BID,3371.5,3
12:01:26,SP-FUTURE,ASK,2917.5,656
12:01:26,ESX-FUTURE,BID,3371.5,717
12:01:28,SP-FUTURE,BID,2917.25,48
12:01:28,ESX-FUTURE,BID,3371.5,13
12:01:29,SP-FUTURE,BID,2917.25,34
12:01:29,ESX-FUTURE,BID,3371.5,2008
12:01:29,SP-FUTURE,ASK,2916.75,425
12:01:30,SP-FUTURE,BID,2916.5,1049
12:01:30,ESX-FUTURE,BID,3370.25,1001
12:01:31,SP-FUTURE,BID,2916.25,236
12:01:32,ESX-FUTURE,BID,3370.25,64
12:01:32,SP-FUTURE,ASK,2916.5,1160
12:01:33,ESX-FUTURE,BID,3372.25,16
12:01:34,ESX-FUTURE,BID,3372.25,3
12:01:34,SP-FUTURE,ASK,2916.5,801
12:01:34,SP-FUTURE,ASK,2916.5,1169
12:01:34,SP-FUTURE,ASK,2916.5,171
12:01:35,SP-FUTURE,ASK,2916.5,737
12:01:35,SP-FUTURE,BID,2916.25,196
12:01:35,SP-FUTURE,ASK,2916.5,701
12:01:35,ESX-FUTURE,BID,3375.5,435
12:01:35,SP-FUTURE,BID,2916.0,423
12:01:36,SP-FUTURE,BID,2916.0,729
12:01:36,ESX-FUTURE,ASK,3375.75,432
12:01:36,SP-FUTURE,ASK,2916.5,52
12:01:37,ESX-FUTURE,BID,3375.5,236
12:01:37,SP-FUTURE,BID,2916.25,187
12:01:38,SP-FUTURE,ASK,2916.5,148
12:01:38,ESX-FUTURE,BID,3375.5,509
12:01:39,SP-FUTURE,BID,2916.25,200
12:01:40,ESX-FUTURE,BID,3375.5,309
12:01:40,ESX-FUTURE,BID,3375.5,505
12:01:41,SP-FUTURE,ASK,2916.0,14
12:01:41,SP-FUTURE,ASK,2916.0,13
12:01:41,ESX-FUTURE,ASK,3375.75,943
12:01:42,SP-FUTURE,BID,2916.25,8
12:01:42,ESX-FUTURE,ASK,3375.75,1055
12:01:43,ESX-FUTURE,ASK,3375.75,662
12:01:43,SP-FUTURE,ASK,2916.75,280
12:01:44,ESX-FUTURE,ASK,3376.0,617
12:01:44,SP-FUTURE,BID,2916.75,56
12:01:45,SP-FUTURE,BID,2916.75,264
12:01:45,ESX-FUTURE,ASK,3375.75,216
12:01:46,ESX-FUTURE,BID,3375.5,319
12:01:46,SP-FUTURE,ASK,2916.75,27
12:01:46,SP-FUTURE,ASK,2916.75,94
12:01:47,SP-FUTURE,ASK,2916.75,31
12:01:47,ESX-FUTURE,ASK,3375.75,123
12:01:47,SP-FUTURE,BID,2916.5,43
12:01:48,SP-FUTURE,ASK,2916.75,4
12:01:48,ESX-FUTURE,ASK,3375.75,223
12:01:49,ESX-FUTURE,ASK,3375.75,412
12:01:49,SP-FUTURE,BID,2916.75,254
12:01:50,ESX-FUTURE,ASK,3375.75,1914
12:01:51,SP-FUTURE,BID,2917.75,895
12:01:51,ESX-FUTURE,BID,3375.25,1466
12:01:52,SP-FUTURE,ASK,2917.25,239
12:01:52,ESX-FUTURE,BID,3375.5,209
12:01:52,ESX-FUTURE,ASK,3375.75,1303
12:01:53,ESX-FUTURE,BID,3375.5,165
12:01:54,SP-FUTURE,BID,2917.25,94
12:01:54,SP-FUTURE,ASK,2917.5,96
12:01:55,SP-FUTURE,ASK,2917.5,272
12:01:55,ESX-FUTURE,BID,3375.5,178
12:01:55,SP-FUTURE,BID,2917.0,68
12:01:56,SP-FUTURE,ASK,2917.25,19
12:01:57,ESX-FUTURE,ASK,3375.75,439
12:01:58,SP-FUTURE,ASK,2917.25,4
12:01:59,ESX-FUTURE,BID,3375.5,115
12:01:59,SP-FUTURE,ASK,2917.25,58
12:01:59,ESX-FUTURE,ASK,3375.75,227
12:02:00,SP-FUTURE,ASK,2917.25,36
12:02:01,SP-FUTURE,ASK,2917.25,59
12:02:01,ESX-FUTURE,ASK,3375.75,399
12:02:01,SP-FUTURE,ASK,2917.5,132
12:02:03,ESX-FUTURE,ASK,3375.75,923
12:02:03,SP-FUTURE,ASK,2917.75,376
12:02:04,SP-FUTURE,ASK,2917.75,450
12:02:04,SP-FUTURE,BID,2917.5,410
12:02:04,ESX-FUTURE,BID,3375.75,934
12:02:05,SP-FUTURE,BID,2917.0,445
12:02:05,ESX-FUTURE,BID,3375.5,292
12:02:05,SP-FUTURE,BID,2917.0,441
12:02:07,SP-FUTURE,BID,2917.0,23
12:02:07,ESX-FUTURE,BID,3375.0,573
12:02:08,SP-FUTURE,ASK,2917.0,30
12:02:09,ESX-FUTURE,ASK,3375.25,440
12:02:09,SP-FUTURE,BID,2917.0,14
12:02:09,SP-FUTURE,ASK,2917.25,676
12:02:10,ESX-FUTURE,ASK,3375.25,396
12:02:11,SP-FUTURE,ASK,2917.25,166
12:02:11,ESX-FUTURE,BID,3375.0,2456
12:02:12,ESX-FUTURE,ASK,3375.25,10
12:02:12,SP-FUTURE,BID,2917.0,264
12:02:13,SP-FUTURE,BID,2917.0,243
12:02:14,ESX-FUTURE,BID,3374.75,402
12:02:14,ESX-FUTURE,BID,3374.75,1967
12:02:15,SP-FUTURE,ASK,2915.0,6
12:02:15,ESX-FUTURE,ASK,3375.0,122
12:02:16,SP-FUTURE,BID,2915.0,8
12:02:16,ESX-FUTURE,ASK,3375.0,625
12:02:17,SP-FUTURE,BID,2915.25,6
12:02:18,ESX-FUTURE,ASK,3375.0,1031
12:02:18,SP-FUTURE,ASK,2916.0,713
12:02:18,SP-FUTURE,ASK,2916.0,69
12:02:19,ESX-FUTURE,BID,3375.5,1218
12:02:19,SP-FUTURE,ASK,2915.5,300
12:02:20,ESX-FUTURE,ASK,3376.0,180
12:02:21,SP-FUTURE,BID,2915.25,453
12:02:21,SP-FUTURE,ASK,2915.5,40
12:02:22,ESX-FUTURE,ASK,3375.75,1067
12:02:23,SP-FUTURE,BID,2915.75,692
12:02:23,SP-FUTURE,ASK,2916.0,235
12:02:23,ESX-FUTURE,ASK,3375.0,2458
12:02:24,ESX-FUTURE,ASK,3375.0,1475
12:02:25,SP-FUTURE,ASK,2917.25,27
12:02:25,ESX-FUTURE,BID,3374.75,65
12:02:26,SP-FUTURE,BID,2917.0,18
12:02:26,ESX-FUTURE,BID,3374.75,8
12:02:26,SP-FUTURE,ASK,2917.25,311
12:02:27,ESX-FUTURE,ASK,3375.0,34
12:02:28,SP-FUTURE,BID,2917.0,280
12:02:29,SP-FUTURE,ASK,2917.25,115
12:02:29,ESX-FUTURE,BID,3374.75,87
12:02:29,ESX-FUTURE,ASK,3375.0,236
12:02:31,SP-FUTURE,BID,2917.0,521
12:02:31,ESX-FUTURE,BID,3374.5,15
12:02:32,SP-FUTURE,BID,2917.0,103
12:02:32,ESX-FUTURE,BID,3374.25,516
12:02:33,ESX-FUTURE,BID,3374.25,3093
12:02:33,SP-FUTURE,BID,2916.5,189
12:02:35,SP-FUTURE,BID,2916.5,259
12:02:35,ESX-FUTURE,ASK,3374.5,908
12:02:36,ESX-FUTURE,BID,3374.25,687
12:02:36,SP-FUTURE,BID,2917.0,57
12:02:37,ESX-FUTURE,BID,3374.25,409
12:02:38,SP-FUTURE,ASK,2917.25,222
12:02:39,ESX-FUTURE,BID,3374.25,2343
12:02:39,ESX-FUTURE,ASK,3374.5,248
12:02:40,SP-FUTURE,BID,2914.5,348
12:02:40,ESX-FUTURE,ASK,3374.25,24
12:02:41,SP-FUTURE,ASK,2914.75,250
12:02:42,ESX-FUTURE,ASK,3374.5,203
12:02:42,SP-FUTURE,BID,2914.5,97
12:02:43,SP-FUTURE,BID,2914.5,406
12:02:43,ESX-FUTURE,BID,3374.0,377
12:02:43,SP-FUTURE,BID,2914.5,75
12:02:44,ESX-FUTURE,ASK,3374.25,184
12:02:44,SP-FUTURE,ASK,2914.75,42
12:02:44,ESX-FUTURE,ASK,3374.25,45
12:02:45,ESX-FUTURE,BID,3374.0,77
12:02:46,SP-FUTURE,BID,2914.5,186
12:02:46,ESX-FUTURE,ASK,3374.25,77
12:02:46,ESX-FUTURE,BID,3374.0,1330
12:02:46,ESX-FUTURE,BID,3374.0,1737
12:02:47,SP-FUTURE,BID,2914.25,11
12:02:47,SP-FUTURE,ASK,2914.5,322
12:02:47,SP-FUTURE,ASK,2914.5,178
12:02:47,ESX-FUTURE,BID,3374.25,283
12:02:49,ESX-FUTURE,ASK,3374.5,1449
12:02:49,SP-FUTURE,ASK,2915.0,720
12:02:49,ESX-FUTURE,BID,3375.0,709
12:02:50,SP-FUTURE,BID,2914.25,53
12:02:51,ESX-FUTURE,ASK,3375.25,104
12:02:51,SP-FUTURE,ASK,2914.5,1
12:02:52,ESX-FUTURE,BID,3375.0,1110
12:02:53,SP-FUTURE,BID,2913.5,274
12:02:53,ESX-FUTURE,ASK,3375.0,99
12:02:53,SP-FUTURE,ASK,2913.75,56
12:02:53,ESX-FUTURE,ASK,3375.0,28
12:02:54,ESX-FUTURE,ASK,3375.0,19
12:02:55,SP-FUTURE,BID,2913.5,6
12:02:55,ESX-FUTURE,ASK,3375.0,15
12:02:56,SP-FUTURE,ASK,2913.75,173
12:02:57,ESX-FUTURE,BID,3375.0,240
12:02:57,ESX-FUTURE,ASK,3375.25,129
12:02:57,SP-FUTURE,ASK,2913.75,239
12:02:58,SP-FUTURE,BID,2913.5,29
12:02:58,ESX-FUTURE,BID,3375.0,1563
12:02:58,SP-FUTURE,BID,2913.25,184
12:02:59,SP-FUTURE,ASK,2913.5,365
12:02:59,SP-FUTURE,ASK,2913.5,1054
12:02:59,ESX-FUTURE,ASK,3376.5,2019
12:03:00,SP-FUTURE,ASK,2914.5,1145
12:03:01,ESX-FUTURE,BID,3378.0,1235
12:03:01,SP-FUTURE,BID,2914.25,108
12:03:02,ESX-FUTURE,ASK,3378.25,306
12:03:02,SP-FUTURE,ASK,2914.5,352
12:03:02,SP-FUTURE,BID,2914.25,262
12:03:02,SP-FUTURE,BID,2914.25,194
12:03:03,SP-FUTURE,ASK,2914.5,182
12:03:04,ESX-FUTURE,ASK,3378.5,211
12:03:05,SP-FUTURE,ASK,2914.5,16
12:03:05,ESX-FUTURE,ASK,3378.5,207
12:03:05,SP-FUTURE,ASK,2914.75,782
12:03:05,ESX-FUTURE,BID,3378.75,1072
12:03:06,ESX-FUTURE,ASK,3379.0,49
12:03:07,SP-FUTURE,ASK,2914.0,25
12:03:07,ESX-FUTURE,BID,3378.75,435
12:03:08,SP-FUTURE,ASK,2914.0,734
12:03:08,SP-FUTURE,ASK,2914.0,443
12:03:08,ESX-FUTURE,BID,3379.75,2728
12:03:10,ESX-FUTURE,ASK,3380.0,278
12:03:10,SP-FUTURE,ASK,2912.75,3
12:03:12,ESX-FUTURE,BID,3379.75,474
12:03:12,SP-FUTURE,BID,2912.5,26
12:03:12,ESX-FUTURE,ASK,3380.0,402
12:03:13,SP-FUTURE,ASK,2912.75,142
12:03:13,SP-FUTURE,BID,2912.5,10
12:03:13,ESX-FUTURE,ASK,3380.25,924
12:03:14,ESX-FUTURE,ASK,3380.25,1799
12:03:14,SP-FUTURE,ASK,2913.75,185
12:03:15,ESX-FUTURE,BID,3380.0,615
12:03:15,SP-FUTURE,BID,2913.25,892
12:03:16,ESX-FUTURE,BID,3380.0,165
12:03:16,SP-FUTURE,ASK,2913.5,162
12:03:17,ESX-FUTURE,ASK,3380.25,558
12:03:17,SP-FUTURE,BID,2913.5,34
12:03:18,ESX-FUTURE,BID,3380.0,226
12:03:18,SP-FUTURE,ASK,2913.75,69
12:03:19,ESX-FUTURE,ASK,3380.25,12
12:03:20,SP-FUTURE,ASK,2913.75,73
12:03:20,SP-FUTURE,BID,2913.5,900
12:03:20,ESX-FUTURE,ASK,3379.5,866
12:03:22,SP-FUTURE,BID,2914.0,176
12:03:22,ESX-FUTURE,BID,3379.25,69
12:03:23,SP-FUTURE,BID,2914.0,127
12:03:23,ESX-FUTURE,BID,3379.0,258
12:03:24,ESX-FUTURE,ASK,3379.25,124
12:03:24,SP-FUTURE,BID,2914.0,95
12:03:24,ESX-FUTURE,BID,3379.0,432
12:03:25,SP-FUTURE,ASK,2914.0,74
12:03:26,ESX-FUTURE,ASK,3379.25,684
12:03:26,ESX-FUTURE,ASK,3379.25,653
12:03:27,ESX-FUTURE,ASK,3379.25,11
12:03:27,SP-FUTURE,BID,2914.5,269
12:03:27,ESX-FUTURE,BID,3378.75,663
12:03:28,SP-FUTURE,ASK,2914.75,182
12:03:28,ESX-FUTURE,ASK,3379.25,554
12:03:29,ESX-FUTURE,ASK,3379.25,508
12:03:29,ESX-FUTURE,BID,3379.0,183
12:03:29,SP-FUTURE,ASK,2914.75,364
12:03:30,SP-FUTURE,BID,2914.5,491
12:03:31,ESX-FUTURE,BID,3379.0,1087
12:03:31,SP-FUTURE,ASK,2914.0,307
12:03:31,ESX-FUTURE,ASK,3379.25,323
12:03:32,SP-FUTURE,ASK,2914.0,63
12:03:32,SP-FUTURE,BID,2913.75,895
12:03:33,ESX-FUTURE,BID,3378.75,462
12:03:33,SP-FUTURE,ASK,2914.0,62
12:03:34,ESX-FUTURE,BID,3378.75,600
12:03:34,SP-FUTURE,BID,2913.75,139
12:03:35,ESX-FUTURE,ASK,3379.0,32
12:03:36,SP-FUTURE,ASK,2914.0,1297
12:03:36,ESX-FUTURE,BID,3381.0,794
12:03:37,SP-FUTURE,BID,2913.25,181
12:03:37,SP-FUTURE,BID,2913.25,18
12:03:37,SP-FUTURE,BID,2913.25,176
12:03:37,ESX-FUTURE,BID,3380.75,481
12:03:38,SP-FUTURE,BID,2913.0,131
12:03:38,ESX-FUTURE,BID,3380.75,428
12:03:38,SP-FUTURE,ASK,2913.0,108
12:03:39,ESX-FUTURE,BID,3380.75,45
12:03:39,SP-FUTURE,BID,2912.75,125
12:03:39,SP-FUTURE,BID,2912.75,384
12:03:40,ESX-FUTURE,ASK,3381.0,221
12:03:40,SP-FUTURE,ASK,2913.0,1
12:03:40,ESX-FUTURE,ASK,3381.0,1480
12:03:41,SP-FUTURE,BID,2913.0,355
12:03:42,SP-FUTURE,ASK,2913.25,116
12:03:42,ESX-FUTURE,BID,3380.75,30
12:03:43,ESX-FUTURE,ASK,3381.0,1478
12:03:43,SP-FUTURE,BID,2913.5,118
12:03:44,ESX-FUTURE,ASK,3380.75,9
12:03:44,SP-FUTURE,BID,2913.5,109
12:03:45,ESX-FUTURE,ASK,3380.75,132
12:03:46,SP-FUTURE,ASK,2913.75,234
12:03:46,ESX-FUTURE,ASK,3381.0,526
12:03:46,ESX-FUTURE,ASK,3381.0,904
12:03:47,ESX-FUTURE,ASK,3381.0,83
12:03:47,SP-FUTURE,ASK,2914.0,32
12:03:48,SP-FUTURE,ASK,2914.0,14
12:03:49,ESX-FUTURE,ASK,3381.0,762
12:03:49,SP-FUTURE,ASK,2914.25,48
12:03:50,SP-FUTURE,ASK,2914.25,55
12:03:50,SP-FUTURE,BID,2914.0,418
12:03:50,ESX-FUTURE,BID,3380.5,872
12:03:51,ESX-FUTURE,BID,3380.5,678
12:03:51,SP-FUTURE,ASK,2913.5,519
12:03:51,ESX-FUTURE,ASK,3381.0,61
12:03:53,SP-FUTURE,ASK,2913.5,494
12:03:53,ESX-FUTURE,ASK,3381.0,79
12:03:54,SP-FUTURE,ASK,2913.5,708
12:03:54,ESX-FUTURE,BID,3381.25,72
12:03:55,SP-FUTURE,BID,2913.25,124
12:03:55,ESX-FUTURE,ASK,3381.5,2180
12:03:56,SP-FUTURE,BID,2914.75,102
12:03:56,ESX-FUTURE,BID,3381.25,24
12:03:56,SP-FUTURE,BID,2914.75,25
12:03:57,SP-FUTURE,BID,2914.75,42
12:03:57,SP-FUTURE,BID,2914.75,13
12:03:57,SP-FUTURE,BID,2914.75,29
12:03:58,ESX-FUTURE,ASK,3381.25,101
12:03:58,SP-FUTURE,BID,2914.75,259
12:03:59,ESX-FUTURE,BID,3381.0,54
12:04:00,SP-FUTURE,ASK,2915.0,431
12:04:00,SP-FUTURE,BID,2914.75,15
12:04:00,ESX-FUTURE,ASK,3381.25,477
12:04:01,SP-FUTURE,BID,2914.75,211
12:04:01,ESX-FUTURE,ASK,3381.25,914
12:04:02,SP-FUTURE,BID,2914.75,197
12:04:03,SP-FUTURE,ASK,2915.0,94
12:04:04,ESX-FUTURE,BID,3381.0,27
12:04:04,SP-FUTURE,BID,2914.75,203
12:04:05,ESX-FUTURE,ASK,3381.25,3002
12:04:06,SP-FUTURE,ASK,2918.75,90
12:04:06,ESX-FUTURE,ASK,3381.25,791
12:04:07,SP-FUTURE,BID,2918.75,394
12:04:08,SP-FUTURE,BID,2918.75,144
12:04:08,ESX-FUTURE,BID,3380.75,534
12:04:08,ESX-FUTURE,BID,3380.75,46
12:04:09,ESX-FUTURE,ASK,3381.0,589
12:04:09,SP-FUTURE,ASK,2918.75,5
12:04:10,ESX-FUTURE,ASK,3381.0,1126
12:04:11,ESX-FUTURE,BID,3380.75,106
12:04:11,ESX-FUTURE,BID,3380.75,151
12:04:12,SP-FUTURE,ASK,2919.0,4
12:04:13,SP-FUTURE,BID,2918.75,689
12:04:13,ESX-FUTURE,BID,3380.75,69
12:04:14,ESX-FUTURE,BID,3380.75,154
12:04:14,SP-FUTURE,ASK,2919.0,43
12:04:15,ESX-FUTURE,BID,3380.75,933
12:04:15,SP-FUTURE,ASK,2918.5,1171
12:04:16,SP-FUTURE,ASK,2918.5,930
12:04:16,ESX-FUTURE,BID,3383.5,1085
12:04:16,SP-FUTURE,BID,2918.0,829
12:04:17,SP-FUTURE,BID,2918.0,591
12:04:17,ESX-FUTURE,BID,3382.5,217
12:04:18,SP-FUTURE,ASK,2918.25,508
12:04:18,ESX-FUTURE,BID,3383.0,536
12:04:19,ESX-FUTURE,ASK,3383.25,1001
12:04:19,SP-FUTURE,ASK,2918.5,59
12:04:20,ESX-FUTURE,BID,3383.0,813
12:04:21,SP-FUTURE,BID,2918.0,153
12:04:21,SP-FUTURE,ASK,2918.25,494
12:04:22,SP-FUTURE,ASK,2918.25,44
12:04:22,ESX-FUTURE,BID,3383.5,23
12:04:22,ESX-FUTURE,BID,3383.5,69
12:04:23,ESX-FUTURE,ASK,3383.75,1879
12:04:23,SP-FUTURE,ASK,2918.25,107
12:04:24,ESX-FUTURE,BID,3383.5,362
12:04:24,SP-FUTURE,ASK,2918.25,92
12:04:25,ESX-FUTURE,BID,3383.5,284
12:04:26,SP-FUTURE,BID,2918.0,72
12:04:27,ESX-FUTURE,BID,3383.5,421
12:04:27,SP-FUTURE,BID,2917.75,513
12:04:28,SP-FUTURE,ASK,2918.0,272
12:04:28,ESX-FUTURE,ASK,3383.25,1635
12:04:29,ESX-FUTURE,BID,3383.0,218
12:04:30,SP-FUTURE,BID,2919.0,1208
12:04:31,SP-FUTURE,ASK,2919.25,11
12:04:31,ESX-FUTURE,BID,3382.75,745
12:04:32,ESX-FUTURE,BID,3382.75,1780
12:04:32,SP-FUTURE,ASK,2918.75,196
12:04:33,SP-FUTURE,ASK,2918.75,1160
12:04:33,ESX-FUTURE,ASK,3385.0,24
12:04:34,SP-FUTURE,ASK,2918.75,393
12:04:34,SP-FUTURE,BID,2918.5,314
12:04:35,ESX-FUTURE,ASK,3385.0,498
12:04:35,SP-FUTURE,BID,2918.5,506
12:04:36,ESX-FUTURE,ASK,3384.75,103
12:04:37,SP-FUTURE,ASK,2918.75,12
12:04:37,ESX-FUTURE,BID,3384.5,1132
12:04:38,SP-FUTURE,ASK,2918.75,19
12:04:39,SP-FUTURE,ASK,2918.75,112
12:04:39,ESX-FUTURE,BID,3384.75,213
12:04:39,ESX-FUTURE,ASK,3385.0,493
12:04:40,SP-FUTURE,BID,2918.5,666
12:04:41,ESX-FUTURE,BID,3384.25,135
12:04:41,SP-FUTURE,BID,2918.5,144
12:04:42,ESX-FUTURE,BID,3384.25,89
12:04:43,SP-FUTURE,ASK,2918.75,2
12:04:43,ESX-FUTURE,BID,3384.25,34
12:04:43,SP-FUTURE,BID,2918.5,426
12:04:43,ESX-FUTURE,ASK,3384.0,12
12:04:44,ESX-FUTURE,BID,3383.75,463
12:04:45,SP-FUTURE,ASK,2918.75,665
12:04:45,SP-FUTURE,ASK,2918.75,618
12:04:45,SP-FUTURE,BID,2918.5,306
12:04:45,ESX-FUTURE,ASK,3385.0,1761
12:04:46,ESX-FUTURE,ASK,3385.0,616
12:04:46,SP-FUTURE,ASK,2919.0,278
12:04:47,ESX-FUTURE,BID,3384.75,1424
12:04:47,SP-FUTURE,ASK,2918.5,360
12:04:49,SP-FUTURE,BID,2918.25,416
12:04:49,ESX-FUTURE,BID,3385.0,17
12:04:49,SP-FUTURE,BID,2918.25,315
12:04:50,ESX-FUTURE,BID,3384.75,490
12:04:50,SP-FUTURE,BID,2918.25,11
12:04:51,SP-FUTURE,ASK,2918.5,57
12:04:51,ESX-FUTURE,ASK,3385.0,1718
12:04:51,ESX-FUTURE,BID,3384.75,679
12:04:52,SP-FUTURE,BID,2919.5,856
12:04:52,ESX-FUTURE,BID,3383.5,197
12:04:53,ESX-FUTURE,ASK,3383.75,517
12:04:53,SP-FUTURE,BID,2919.5,220
12:04:53,ESX-FUTURE,ASK,3383.75,1193
12:04:54,ESX-FUTURE,ASK,3383.75,668
12:04:54,SP-FUTURE,ASK,2920.75,491
12:04:55,SP-FUTURE,ASK,2920.75,429
12:04:56,ESX-FUTURE,ASK,3384.5,2050
12:04:56,SP-FUTURE,ASK,2921.75,1088
12:04:57,ESX-FUTURE,ASK,3386.25,179
12:04:57,SP-FUTURE,BID,2921.5,422
12:04:58,SP-FUTURE,ASK,2921.75,79
12:04:59,ESX-FUTURE,ASK,3386.0,999
12:05:00,SP-FUTURE,BID,2921.5,449
12:05:00,SP-FUTURE,ASK,2921.75,202
12:05:01,SP-FUTURE,ASK,2921.75,631
12:05:01,ESX-FUTURE,BID,3386.0,978
12:05:02,SP-FUTURE,BID,2921.25,10
12:05:03,SP-FUTURE,BID,2921.25,443
12:05:03,ESX-FUTURE,ASK,3386.0,710
12:05:04,ESX-FUTURE,ASK,3386.0,728
12:05:04,SP-FUTURE,ASK,2922.25,162
12:05:05,SP-FUTURE,BID,2922.0,925
12:05:05,ESX-FUTURE,ASK,3384.75,105
12:05:06,ESX-FUTURE,BID,3384.5,1764
12:05:06,SP-FUTURE,BID,2921.75,149
12:05:08,ESX-FUTURE,BID,3384.5,2017
12:05:08,SP-FUTURE,ASK,2919.75,1
12:05:09,ESX-FUTURE,ASK,3384.75,104
12:05:09,ESX-FUTURE,BID,3384.5,66
12:05:10,ESX-FUTURE,BID,3384.5,2018
12:05:10,SP-FUTURE,BID,2917.5,263
12:05:11,SP-FUTURE,BID,2917.5,330
12:05:12,ESX-FUTURE,BID,3384.5,94
12:05:12,SP-FUTURE,BID,2917.5,149
12:05:13,ESX-FUTURE,ASK,3384.5,83
12:05:13,SP-FUTURE,ASK,2917.75,139
12:05:13,SP-FUTURE,ASK,2917.75,88
12:05:14,ESX-FUTURE,BID,3384.5,335
12:05:15,ESX-FUTURE,BID,3384.5,117
12:05:15,SP-FUTURE,BID,2917.5,34
12:05:16,ESX-FUTURE,BID,3384.5,932
12:05:16,SP-FUTURE,BID,2916.75,469
12:05:17,SP-FUTURE,BID,2916.75,258
12:05:17,ESX-FUTURE,BID,3384.25,100
12:05:18,SP-FUTURE,BID,2916.75,395
12:05:18,ESX-FUTURE,ASK,3384.5,609
12:05:18,SP-FUTURE,BID,2917.0,257
12:05:19,ESX-FUTURE,ASK,3384.5,67
12:05:19,SP-FUTURE,BID,2917.0,345
12:05:20,ESX-FUTURE,BID,3384.0,969
12:05:20,SP-FUTURE,ASK,2917.0,410
12:05:21,ESX-FUTURE,ASK,3384.5,617
12:05:21,SP-FUTURE,ASK,2917.25,1007
12:05:23,SP-FUTURE,BID,2917.0,122
12:05:23,ESX-FUTURE,ASK,3386.0,552
12:05:24,SP-FUTURE,ASK,2917.5,572
12:05:24,ESX-FUTURE,ASK,3386.5,77
12:05:25,SP-FUTURE,ASK,2917.5,690
12:05:25,SP-FUTURE,BID,2917.25,185
12:05:25,ESX-FUTURE,ASK,3387.5,2677
12:05:27,SP-FUTURE,ASK,2920.75,190
12:05:27,SP-FUTURE,ASK,2920.75,1355
12:05:27,ESX-FUTURE,BID,3389.75,1029
12:05:28,SP-FUTURE,ASK,2920.0,1220
12:05:28,ESX-FUTURE,BID,3391.75,124
12:05:29,SP-FUTURE,BID,2919.75,100
12:05:29,ESX-FUTURE,BID,3391.75,1137
12:05:29,SP-FUTURE,ASK,2919.5,291
12:05:29,SP-FUTURE,ASK,2919.5,362
12:05:30,ESX-FUTURE,ASK,3392.5,178
12:05:31,SP-FUTURE,BID,2919.25,266
12:05:32,ESX-FUTURE,BID,3392.25,794
12:05:32,ESX-FUTURE,ASK,3392.5,517
12:05:33,SP-FUTURE,ASK,2919.75,1110
12:05:33,ESX-FUTURE,ASK,3393.5,15
12:05:33,SP-FUTURE,BID,2919.5,30
12:05:33,SP-FUTURE,BID,2919.5,159
12:05:33,ESX-FUTURE,ASK,3393.5,66
12:05:33,SP-FUTURE,ASK,2919.75,146
12:05:34,ESX-FUTURE,ASK,3393.5,485
12:05:35,ESX-FUTURE,ASK,3393.5,496
12:05:35,SP-FUTURE,ASK,2920.0,222
12:05:36,ESX-FUTURE,BID,3393.5,248
12:05:36,ESX-FUTURE,BID,3393.5,243
12:05:37,SP-FUTURE,ASK,2919.75,6
12:05:37,ESX-FUTURE,ASK,3393.75,607
12:05:38,ESX-FUTURE,ASK,3393.75,263
12:05:38,SP-FUTURE,BID,2919.75,65
12:05:39,ESX-FUTURE,ASK,3393.75,1454
12:05:40,SP-FUTURE,BID,2919.75,342
12:05:41,SP-FUTURE,BID,2919.75,560
12:05:41,ESX-FUTURE,ASK,3393.25,1022
12:05:42,SP-FUTURE,ASK,2920.5,639
12:05:42,ESX-FUTURE,ASK,3393.25,168
12:05:42,SP-FUTURE,BID,2920.25,121
12:05:43,ESX-FUTURE,ASK,3393.25,579
12:05:43,SP-FUTURE,ASK,2920.5,182
12:05:44,SP-FUTURE,BID,2920.25,1106
12:05:44,ESX-FUTURE,ASK,3392.25,1113
12:05:45,SP-FUTURE,BID,2920.5,25
12:05:46,ESX-FUTURE,BID,3392.0,9
12:05:46,SP-FUTURE,BID,2920.5,4
12:05:47,ESX-FUTURE,BID,3392.0,96
12:05:47,SP-FUTURE,ASK,2920.75,473
12:05:48,SP-FUTURE,ASK,2920.75,1442
12:05:49,ESX-FUTURE,ASK,3395.0,1149
12:05:49,SP-FUTURE,BID,2920.75,290
12:05:50,ESX-FUTURE,BID,3394.5,1030
12:05:50,SP-FUTURE,BID,2920.0,1292
12:05:50,ESX-FUTURE,ASK,3393.25,6
12:05:51,ESX-FUTURE,ASK,3393.25,15
12:05:51,SP-FUTURE,ASK,2920.25,148
12:05:51,SP-FUTURE,ASK,2920.25,30
12:05:52,ESX-FUTURE,ASK,3393.5,868
12:05:53,SP-FUTURE,BID,2920.5,144
12:05:53,ESX-FUTURE,ASK,3393.5,376
12:05:53,SP-FUTURE,BID,2920.5,185
12:05:54,ESX-FUTURE,BID,3393.0,1263
12:05:54,SP-FUTURE,BID,2919.75,62
12:05:55,SP-FUTURE,BID,2919.75,5
12:05:55,SP-FUTURE,BID,2919.75,141
12:05:56,ESX-FUTURE,ASK,3393.25,564
12:05:57,ESX-FUTURE,BID,3393.0,305
12:05:58,SP-FUTURE,ASK,2919.75,239
12:05:58,ESX-FUTURE,ASK,3393.25,164
12:05:58,SP-FUTURE,ASK,2919.75,44
12:05:58,SP-FUTURE,ASK,2919.75,5
12:05:58,ESX-FUTURE,BID,3393.0,494
12:05:59,SP-FUTURE,ASK,2919.75,8
12:06:00,ESX-FUTURE,BID,3393.0,156
12:06:00,SP-FUTURE,ASK,2919.75,369
12:06:00,ESX-FUTURE,BID,3393.5,23
12:06:00,SP-FUTURE,BID,2919.5,532
12:06:01,ESX-FUTURE,BID,3393.0,802
12:06:02,SP-FUTURE,BID,2919.25,351
12:06:03,ESX-FUTURE,BID,3393.0,757
12:06:03,SP-FUTURE,BID,2919.0,326
12:06:04,SP-FUTURE,BID,2919.0,52
12:06:05,ESX-FUTURE,BID,3392.75,57
12:06:05,ESX-FUTURE,BID,3392.75,161
12:06:06,SP-FUTURE,BID,2919.0,101
12:06:07,SP-FUTURE,BID,2919.0,43
12:06:07,ESX-FUTURE,ASK,3393.0,51
12:06:07,ESX-FUTURE,BID,3392.75,43
12:06:08,SP-FUTURE,BID,2919.0,125
12:06:09,ESX-FUTURE,BID,3392.5,21
12:06:09,SP-FUTURE,ASK,2919.25,813
12:06:10,ESX-FUTURE,ASK,3393.25,7
12:06:11,SP-FUTURE,BID,2919.0,45
12:06:11,SP-FUTURE,BID,2919.0,132
12:06:12,SP-FUTURE,BID,2919.0,180
12:06:12,ESX-FUTURE,BID,3392.75,111
12:06:14,SP-FUTURE,ASK,2919.25,271
12:06:14,ESX-FUTURE,ASK,3393.0,2356
12:06:14,SP-FUTURE,BID,2921.5,450
12:06:16,SP-FUTURE,ASK,2921.75,602
12:06:16,ESX-FUTURE,BID,3393.0,19
12:06:17,SP-FUTURE,BID,2921.5,75
12:06:17,ESX-FUTURE,ASK,3393.0,87
12:06:17,SP-FUTURE,ASK,2921.75,58
12:06:18,SP-FUTURE,ASK,2921.75,24
12:06:18,ESX-FUTURE,BID,3392.75,934
12:06:19,SP-FUTURE,BID,2921.5,399
12:06:20,ESX-FUTURE,BID,3392.5,535
12:06:20,SP-FUTURE,ASK,2921.75,6
12:06:21,SP-FUTURE,ASK,2921.75,42
12:06:21,ESX-FUTURE,BID,3392.5,2265
12:06:21,SP-FUTURE,BID,2921.0,176
12:06:22,ESX-FUTURE,BID,3392.5,633
12:06:22,SP-FUTURE,ASK,2921.25,346
12:06:23,ESX-FUTURE,ASK,3393.0,1854
12:06:23,SP-FUTURE,BID,2921.25,395
12:06:24,ESX-FUTURE,ASK,3392.5,29
12:06:25,SP-FUTURE,BID,2921.25,76
12:06:25,ESX-FUTURE,BID,3392.25,993
12:06:25,SP-FUTURE,BID,2921.0,338
12:06:25,ESX-FUTURE,ASK,3392.5,686
12:06:26,ESX-FUTURE,ASK,3392.5,640
12:06:27,SP-FUTURE,ASK,2921.75,124
12:06:28,ESX-FUTURE,ASK,3392.5,580
12:06:28,SP-FUTURE,ASK,2922.0,154
12:06:29,ESX-FUTURE,BID,3392.25,40
12:06:30,SP-FUTURE,BID,2921.75,349
12:06:30,ESX-FUTURE,ASK,3392.5,1553
12:06:32,ESX-FUTURE,BID,3392.25,291
12:06:32,SP-FUTURE,BID,2922.75,20
12:06:32,SP-FUTURE,BID,2922.75,21
12:06:33,ESX-FUTURE,BID,3392.25,257
12:06:33,SP-FUTURE,BID,2922.5,888
12:06:34,SP-FUTURE,ASK,2922.75,41
12:06:34,ESX-FUTURE,BID,3391.75,697
12:06:35,SP-FUTURE,BID,2922.5,38
12:06:35,ESX-FUTURE,ASK,3392.0,117
12:06:37,SP-FUTURE,ASK,2922.75,493
12:06:37,ESX-FUTURE,BID,3392.25,72
12:06:37,ESX-FUTURE,BID,3392.25,706
12:06:38,SP-FUTURE,BID,2922.25,55
12:06:38,SP-FUTURE,ASK,2922.5,754
12:06:38,ESX-FUTURE,ASK,3392.75,42
12:06:39,SP-FUTURE,ASK,2922.5,52
12:06:40,ESX-FUTURE,ASK,3392.75,150
12:06:40,ESX-FUTURE,ASK,3392.75,192
12:06:40,ESX-FUTURE,ASK,3392.75,274
12:06:40,SP-FUTURE,BID,2922.25,291
12:06:41,ESX-FUTURE,ASK,3392.75,289
12:06:41,ESX-FUTURE,BID,3392.5,1363
12:06:42,SP-FUTURE,ASK,2922.5,90
12:06:42,ESX-FUTURE,BID,3392.5,1241
12:06:43,SP-FUTURE,BID,2922.25,185
12:06:43,ESX-FUTURE,ASK,3392.75,506
12:06:44,SP-FUTURE,BID,2922.5,254
